2956 4852
119 301 162 382 II,
176 306 206 381 4,
226 307 316 366 1-7,
609 329 824 373 uuvcvuuuuve.

246 1024 640 1108 PHRONESIVM.
801 1029 1175 1113 DINIARCHVS.

148 1387 221 1453 Phr.
245 1389 328 1453 Num
350 1389 410 1454 tibi
431 1411 505 1454 nam
528 1392 641 1456 amabo
663 1391 791 1457 ienuast
811 1393 944 1458 mordex
967 1415 1047 1474 mea,

244 1491 313 1567 Quo
335 1492 467 1558 introire
489 1499 615 1558 metues
637 1492 709 1557 mea
731 1494 903 1577 uoluptas?

859 1595 909 1658 Di.
938 1594 998 1659 Ver
1019 1596 1108 1662 uide:

191 1713 193 1717 ·
243 1692 287 1757 Vt
309 1691 380 1756 tcta
401 1691 501 1770 floret,
524 1694 562 1760 ut
584 1695 658 1772 olet,
681 1701 718 1758 ut
740 1695 841 1760 nitide
863 1697 960 1761 nitet!

148 1793 220 1860 Phr.
246 1792 329 1874 Quid
351 1799 418 1858 tum
441 1793 607 1874 inficetus',
630 1796 751 1860 Lemno
774 1795 951 1861 adueniens
973 1798 1028 1880 qui
1050 1801 1126 1861 tuae

123 1903 125 1906 ’
242 1896 312 1960 Non
335 1895 391 1961 des
414 1896 536 1961 amicae
558 1896 730 1962 Diniarche
753 1895 900 1961 sunium?

152 1996 200 2061 Di.
248 1996 327 2074 Vah,
350 1996 511 2080 ucpulabo
534 1997 640 2062 hercle
664 1997 721 2081 ego
745 2019 831 2063 nunc
852 2005 949 2082 atque
973 1998 1053 2064 adef>
1076 1999 1169 2064 male.

149 2099 222 2162 Phr.
247 2099 315 2175 Quo
337 2103 370 2162 te
391 2097 563 2162 euertisti?

509 2200 559 2264 Di.
584 2199 682 2264 Se'ulua
704 2201 748 2264 sis
771 2200 991 2266 Phronesium.

183 2368 392 2426 PRONESIVM
404 2369 583 2423 DINAROVS
598 2369 655 2424 DV·
673 2370 709 2437 B,
728 2368 798 2422 PRO
811 2368 880 2424 Nus
893 2370 971 2425 TVM
985 2369 1165 2425 DINARCVS
1188 2370 1216 2438 C,
1236 2389 1317 2424 unam

115 2455 211 2509 lineam
229 2475 342 2510 uacuam
361 2455 488 2525 relinquit
505 2456 544 2508 D.
571 2489 590 2497 -
635 2462 657 2510 1.
689 2455 816 2510 Numtibi
838 2455 871 2523 C,
896 2473 943 2508 um
961 2456 1014 2509 tibi
1034 2473 1093 2508 cum
1112 2455 1199 2525 spatio
1218 2455 1319 2510 initiali

113 2542 144 2595 D
164 2573 193 2580 —
216 2549 249 2594 115
268 2543 299 2594 D
320 2574 350 2582 —
371 2543 452 2597 ianua
471 2548 513 2597 eet
530 2542 623 2596 BcD.
646 2575 672 2583 -
713 2546 736 2595 2.
767 2543 937 2612 quointroire
956 2543 1063 2596 Metuee
1082 2542 1110 2611 0,
1129 2560 1184 2611 quo
1202 2543 1318 2598 introire

112 2630 220 2684 Metuas
238 2631 269 2680 D
290 2661 320 2670 -
340 2631 468 2697 uoluptas
488 2636 527 2699 A,
547 2632 676 2685 uoluntas
694 2631 780 2685 BCD
800 2661 833 2668 -
850 2630 966 2684 ueruide
986 2629 1054 2697 AB,
1073 2629 1180 2683 feruido
1202 2629 1262 2683 OD.
1283 2662 1315 2672 -

114 2720 138 2770 3.
168 2720 200 2769 ut
218 2721 277 2770 teca
295 2717 339 2782 D,
354 2721 450 2770 ‘uttota
474 2717 495 2770 Ο
520 2749 539 2757 -
565 2702 642 2773 flore‘
663 2717 720 2786 (eie)
739 2719 766 2768 A
787 2749 819 2758 -
842 2723 874 2771 ut
891 2720 947 2772 olet
965 2723 998 2771 ut
1015 2719 1057 2785 Α,
1075 2716 1152 2770 utole
1170 2717 1210 2770 lui
1228 2718 1268 2786 B,
1287 2726 1319 2772 ut
1342 2751 1346 2757 -

114 2803 156 2856 cle
173 2804 203 2856 ui
226 2803 253 2869 Ο,
275 2808 305 2857 ut
323 2804 396 2857 oleui
414 2805 446 2855 D
471 2835 492 2843 ›—
517 2804 613 2859 Nitide
630 2804 690 2857 OD.
710 2833 744 2842 -
781 2807 806 2856 4.
836 2803 908 2870 Quid
926 2807 983 2856 tem
1001 2804 1037 2870 A,
1057 2803 1109 2869 Qui
1128 2808 1186 2856 tam
1204 2804 1239 2873 B,
1259 2805 1317 2872 qui-

113 2895 169 2943 tum
191 2890 225 2958 0,
251 2891 298 2958 qui
315 2894 373 2943 tam
390 2891 422 2942 D
441 2920 473 2930 —
491 2891 618 2944 inficetus
636 2890 735 2959 BOD,
754 2890 859 2945 facetus
877 2893 905 2941 A
927 2921 955 2930 -
976 2891 1068 2943 lemno
1086 2888 1199 2943 ABCD
1218 2919 1249 2929 -—
1271 2892 1317 2959 qui

113 2982 177 3029 tuce
195 2981 235 3045 A,
267 2978 315 3045 qui
338 2995 373 3031 ue
390 2979 429 3046 Β,
461 2978 564 3046 quidue
587 2977 646 3031 01).
676 3008 699 3017 -
740 2980 764 3030 ὅ.
795 2976 907 3030 Nondes
931 2976 953 3029 Ο
981 3005 1006 3016 -·
1035 2976 1139 3030 amicae
1156 2979 1199 3045 Α,
1230 2978 1318 3032 amice

114 3061 221 3130 ecoe,
240 3065 340 3119 amices
353 3064 401 3116 Da
420 3097 453 3106 -
472 3064 598 3119 dinierhe
610 3065 716 3118 sanium
728 3066 764 3132 A,
783 3063 842 3117 dini
860 3062 951 3116 archis
969 3063 1091 3117 auiuium
1102 3063 1138 3132 B,
1159 3065 1218 3118 dini
1229 3063 1317 3119 ar⁰hie

115 3151 227 3204 cuiuum
250 3151 278 3219 0,
298 3152 437 3206 dinarchis
456 3153 613 3220 (dimerchis
631 3155 692 3204 ante
709 3151 777 3218 rae.)
795 3151 907 3203 auiuum
925 3150 964 3201 D.
986 3180 1013 3188 -
1049 3153 1073 3204 6.
1094 3148 1148 3204 uah
1171 3150 1224 3204 UD
1243 3152 1317 3221 (ueh-

114 3238 214 3305 uapulo
238 3238 268 3305 Ο)
286 3271 320 3280 -
338 3240 474 3308 uapulabo
501 3238 598 3295 Weie..·
617 3239 719 3306 uapulo
738 3237 851 3291 ABCD
869 3267 903 3277 —
923 3238 1017 3291 hercle
1035 3236 1135 3303 BcD,
1160 3238 1273 3293 hercule
1289 3243 1315 3291 Α

116 3357 149 3364 -
166 3325 302 3395 Egonunc
325 3326 358 3395 0,
378 3344 429 3396 ego
447 3344 521 3380 nunc
539 3327 570 3378 D
588 3357 622 3366 —
640 3328 696 3394 atq·
713 3328 749 3378 A.
773 3355 794 3364 —
839 3329 863 3379 7.
894 3324 953 3391 Quo
971 3328 999 3377 te
1018 3324 1084 3392 AB,
1104 3328 1187 3392 quote
1210 3324 1242 3394 0,
1262 3341 1317 3394 quo

113 3417 142 3466 te
160 3413 191 3464 D
208 3445 242 3454 -
262 3414 389 3468 auertisti
444 3415 519 3467 sclua
531 3413 568 3467 eis
582 3429 723 3482 campere.
735 3417 802 3482 spat.
815 3414 851 3480 Α,
870 3412 1011 3465 auortietie
1030 3412 1105 3465 salua
1119 3412 1170 3465 cim
1184 3412 1219 3481 B,
1238 3428 1315 3466 auor·

113 3500 186 3553 cistis
205 3501 256 3553 eim
276 3501 352 3554 salue
374 3500 427 3555 OD
446 3531 475 3541 -
496 3502 522 3554 D
542 3506 606 3570 post
627 3500 702 3553 salua
726 3498 754 3551 in
779 3516 865 3566 marq.
884 3499 944 3551 add.
964 3497 1011 3549 Db
1030 3530 1063 3538 -
1082 3498 1259 3565 phronesium
1279 3503 1314 3564 A,

113 3586 293 3641 Phronesium
317 3587 376 3656 UD,
394 3589 552 3656 proneeium
570 3588 605 3639 B.
623 3618 657 3629 -

151 3743 173 3795 1.
209 3760 273 3794 num
292 3760 355 3795 nam
373 3743 416 3797 inf
434 3743 469 3812 Π,
489 3742 513 3812 ’1,
531 3745 579 3811 423
598 3741 698 3809 Amph.
730 3741 772 3793 66,
808 3739 875 3794 Cum
899 3753 965 3793 uere
983 3742 1125 3806 comperet
1141 3738 1207 3793 Hor·
1226 3740 1315 3794 Germ.

113 3830 146 3896 V,
168 3831 190 3896 1,
208 3831 257 3898 213
280 3830 345 3883 Cice.
363 3832 409 3899 IV,
431 3833 453 3898 1,
473 3832 499 3883 6.
728 3827 774 3896 IV,
792 3829 816 3895 5,
836 3829 851 3878 6
870 3826 979 3880 uultum
998 3825 1120 3880 Caesaris
1140 3826 1268 3896 Augusti.
1281 3855 1314 3868 -

149 3918 173 3969 2.
209 3933 257 3967 uer
281 3915 352 3969 uide.
391 3919 457 3972 Cum
475 3933 541 3972 uere
559 3931 698 3984 compera-
728 3914 811 3968 nitide
833 3913 898 3966 nitet
924 3913 1022 3967 Pseud.
1041 3913 1073 3981 V,
1098 3917 1123 3981 2,
1148 3913 1177 3967 7:
1209 3913 1314 3966 madido

113 4006 159 4057 tur
176 4003 265 4058 amica
282 4007 315 4057 ut
332 4023 418 4057 meum
431 4005 568 4057 cerculum
579 4004 609 4056 in
620 4002 698 4056 blan·
726 4001 864 4059 medeam
883 4000 946 4055 Aul.
957 4001 991 4068 Π,
1006 4003 1030 4068 4,
1045 4002 1078 4051 35
1087 4018 1172 4069 parce
1179 4017 1311 4069 parcum:

114 4091 189 4144 ditiis
214 4095 256 4145 eet
279 4093 338 4145 Cas.
356 4093 402 4160 IV,
423 4096 448 4161 4,
470 4093 509 4145 15.
545 4091 636 4146 Solem
654 4107 698 4145 oc·
726 4091 804 4144 Curc.
817 4089 863 4157 IV,
885 4091 907 4154 l,
928 4091 956 4140 1:
978 4087 1092 4156 lepidum
1107 4086 1191 4156 lepide
1202 4087 1237 4141 el.
1249 4086 1313 4142 Lor.

114 4183 255 4233 caecatum
271 4162 333 4234 esse
351 4197 417 4249 pree
430 4179 488 4233 eius
502 4178 624 4248 corporis
636 4194 698 4232 cen·
726 4178 762 4231 cd
780 4176 861 4230 Most.
883 4176 932 4228 178
952 4179 980 4229 et
1000 4177 1075 4228 1143.

113 4265 227 4319 duribus
250 4269 358 4321 amator
381 4268 519 4322 exclamat
541 4266 614 4319 Men.
633 4266 654 4332 Ι,
674 4268 698 4333 2,
763 4264 786 4317 7.
823 4263 883 4317 Hoc
901 4263 982 4317 dicit:
1008 4259 1152 4315 Phronesii
1169 4260 1312 4315 blandiciis
