2978 4846
595 1504 860 1681 Praelatio.

227 2140 473 2212 Truculentum
514 2166 592 2212 cum
628 2143 783 2228 ederem,
836 2166 903 2212 non
947 2166 1000 2212 me
1045 2143 1133 2235 fugit
1169 2147 1327 2215 insonum

124 2282 284 2349 mappam
315 2284 368 2331 me
403 2263 556 2332 molitum
590 2286 663 2332 esse
693 2260 875 2352 negotium.
927 2262 1025 2333 Adeo
1051 2264 1142 2333 enim
1168 2263 1253 2333 haec
1280 2264 1327 2333 sa·

54 2454 56 2460 ,
122 2378 207 2447 bula
232 2382 322 2449 omni
348 2383 546 2452 mendorum
570 2403 694 2473 genere
720 2382 855 2473 squalet
882 2387 985 2474 atque
1018 2382 1153 2469 horret,
1199 2387 1237 2452 ut
1264 2378 1326 2454 Ca-

122 2499 298 2586 merarius,
325 2503 485 2595 princeps
512 2502 573 2570 ille
598 2501 777 2593 sospitator
802 2498 935 2586 Plauti,
964 2501 1218 2572 lucubrationes
1246 2527 1325 2573 suas

92 2619 159 2687 Ι111
193 2619 305 2689 lucem
341 2622 474 2691 mittero
505 2621 716 2691 dubitauerit
750 2621 936 2712 eademque
968 2619 1149 2707 Acidalia,
1197 2622 1324 2692 homini

124 2738 241 2810 diuino
266 2739 403 2832 ingenio
430 2743 607 2834 praedito,
648 2763 762 2833 neque
788 2738 962 2832 Apollinis
989 2762 1101 2832 neque
1124 2739 1325 2835 Aesculapii

123 2880 204 2928 cura
230 2861 459 2953 personabilis
486 2862 560 2930 uisa
588 2862 640 2930 sit.
694 2859 787 2942 Quae
808 2880 885 2927 cum
907 2859 955 2928 ita
981 2860 1072 2945 sint,
1111 2859 1221 2930 libere
1248 2883 1325 2954 pro
1462 2942 1465 2947 ⁸

122 2977 219 3048 fiteor
251 2979 334 3048 mihi
362 3003 429 3050 non
460 2981 641 3073 contigisse
674 3003 718 3049 ex
748 2978 910 3048 indomita
944 2979 1105 3048 domitam
1130 2978 1241 3048 facere
1267 2981 1325 3050 be-

122 3098 234 3184 luam,
280 3101 340 3170 sed
365 3105 546 3194 postquam
571 3101 638 3170 iam
665 3098 856 3192 Geppertus
885 3098 1052 3168 mitiorem
1079 3098 1175 3169 illam
1199 3103 1272 3169 ett
1311 3140 1325 3152 -

123 3218 333 3289 stabiliorem
358 3242 377 3289 e
403 3221 560 3290 manibus
587 3219 712 3305 emisit,
744 3218 849 3288 unitis
875 3217 1048 3288 hominum
1072 3219 1245 3289 doctorum
1273 3219 1324 3288 ui-

122 3338 218 3408 ribus
244 3339 428 3432 aliquando
455 3363 528 3409 eam
551 3339 777 3433 perdomitum
801 3337 846 3407 iri
873 3359 950 3430 spes
977 3342 1038 3407 ost.

226 3523 359 3598 Codicis
392 3527 609 3598 Ambrosiam
645 3526 707 3615 (A)
749 3526 907 3619 reliquiis
949 3524 1210 3615 diligentissime
1245 3547 1323 3618 per-

122 3647 309 3717 tractandis
348 3648 533 3718 Guilelmus
568 3647 782 3717 Studemand
823 3645 953 3737 aliquot
996 3644 1079 3713 locis
1113 3644 1323 3738 praeclaram

121 3766 232 3835 lucem
263 3767 403 3837 addidit.
455 3766 552 3837 Idem
589 3767 747 3836 ‘ueterem
779 3763 936 3835 codicem'
974 3761 1159 3836 Camerarii
1185 3761 1322 3834 Vatica-

121 3908 202 3953 num
229 3885 280 3971 (B
287 3900 293 3964 1
329 3890 361 3954 et
393 3887 538 3955 altorum
563 3883 767 3955 Vaticanmu
793 3885 857 3967 (D)
891 3886 1001 3955 denuo
1035 3883 1195 3954 excussit.
1249 3879 1322 3954 ‘Co-

122 4004 207 4075 dicis
239 4004 388 4075 alterius'
420 4001 605 4075 Camerarii
637 4006 710 4074 siue
735 4003 839 4074 Parei
864 4003 1056 4073 ‘Decurtati'
1083 4001 1233 4071 Palatini
1261 4001 1319 4087 (Ol

122 4147 160 4193 eo
200 4125 355 4219 exemplo
394 4150 476 4196 usus
518 4149 591 4194 sum
634 4124 725 4216 quod
757 4120 794 4194 O.
826 4123 865 4193 E.
896 4119 957 4194 Oh.
992 4121 1178 4193 Schneider
1213 4122 1320 4193 edidit
