2956 4852
1302 309 1336 349 1¹

131 468 206 542 tur,
237 484 303 528 non
326 463 529 546 adaequent,
565 463 669 527 omnis
690 468 798 526 tamen
820 463 1001 529 accuratior
1022 469 1218 549 computatio
1239 471 1335 536 irrita

129 569 188 641 est,
211 566 290 648 quia
312 572 469 648 quantum
493 565 590 648 spatii
611 565 644 628 in
666 563 846 627 Trinummi
867 567 974 646 exitu,
999 575 1156 649 quantum
1178 572 1220 634 ad
1243 571 1333 638 dida·

130 665 263 730 scaliam
285 673 320 730 et
339 673 564 750 argumentum
585 665 770 730 Truculenti
792 667 1003 750 capessenda,
1034 677 1191 751 quantum
1212 674 1247 736 in
1268 673 1333 740 fine

129 767 255 851 prologi
285 775 508 852 consumptum
548 789 749 850 uacuumque
776 769 925 832 relictum
960 769 1076 850 fuerit,
1120 794 1181 836 non
1220 775 1329 858 liquet.

129 870 308 948 Quaternio
329 878 436 934 autem
461 871 519 935 LX
545 891 585 933 ne
615 871 682 954 ipse
712 869 840 952 quidem
868 872 991 953 integer
1018 873 1059 936 ad
1088 895 1145 937 nos
1174 879 1330 959 peruenit,

128 970 186 1036 sed
216 992 272 1035 sex
300 977 428 1036 tantum
456 973 524 1036 eius
553 973 758 1036 membranae
792 972 826 1036 in
859 971 1071 1038 bibliothecae
1101 975 1331 1044 umbrosanae

127 1073 256 1138 scriniis
277 1075 494 1157 reperiuntur,
517 1093 600 1156 quae
623 1073 683 1137 hoc
704 1073 816 1138 ordine
838 1074 914 1138 olim
936 1095 969 1138 se
991 1077 1207 1160 excipiebant:

240 1176 361 1245 Paginae
378 1176 509 1246 uulgatae

260 1265 411 1319 secundum
428 1264 496 1318 Maii
761 1263 829 1316 haec
846 1264 1008 1317 'gratulanti
1026 1266 1183 1336 fragmenta

310 1369 438 1405 numeros
573 1401 575 1406 ,
894 1352 1049 1407 continent:

259 1438 284 1515 1,
308 1443 380 1517 3,4
632 1437 858 1516 Ι,2,15-25
900 1438 925 1517 Ι,
948 1443 976 1518 2,
1001 1443 1125 1503 26-42

258 1539 300 1618 ΙΙ,
322 1563 344 1604 x
732 1538 844 1602 folium
866 1539 1028 1622 perditum

259 1643 318 1721 111,
342 1646 413 1720 222,
437 1645 498 1705 aaa
628 1641 653 1717 1,
678 1642 707 1718 2,
731 1644 872 1721 76-933
896 1640 921 1718 1,
944 1647 974 1721 2,
998 1642 1124 1720 rar-11,
1153 1647 1177 1722 2,
1200 1647 1218 1705 2

245 1745 313 1898 pv,
337 1749 387 1824 21,
410 1748 450 1806 22
629 1742 671 1819 11,
698 1747 724 1821 1,
748 1746 867 1821 3-193
891 1743 933 1819 11,
961 1749 986 1819 1,
1009 1747 1134 1808 ro-ac

225 1814 233 1970 l
261 1847 295 1926 v,
319 1850 369 1922 27,
394 1847 434 1907 28
629 1844 670 1922 11,
698 1848 722 1920 1,
747 1843 873 1923 ‘er-11,
896 1849 924 1923 2,
951 1850 1002 1926 ro;
1031 1845 1073 1924 11,
1096 1850 1124 1925 2,
1152 1849 1272 1910 22-22

230 1978 232 1984 ,
257 1947 312 2026 VI,
335 1951 407 2025 235,
431 1949 493 2010 aaa
629 1946 670 2024 11,
694 1936 723 2023 2,
747 1949 888 2025 22-42;
912 1946 953 2024 ΙΙ,
978 1951 1007 2026 2,
1031 1951 1157 2010 22-22

207 2071 217 2118 t
256 2049 369 2132 Vll,y
722 2046 834 2111 folium
855 2049 1015 2131 perditum

255 2150 343 2229 Vlll,
370 2154 417 2229 13,
444 2153 482 2213 14
626 2150 668 2227 ll,
692 2155 721 2228 4,
746 2153 863 2230 2-20;
887 2150 928 2227 ΙΙ,
952 2157 988 2240 4,
1005 2155 1130 2214 21-36

122 2253 250 2318 Folium
273 2251 338 2331 Qv.
362 2252 431 2330 LX,
454 2255 471 2314 2
496 2251 595 2334 igitur
616 2251 713 2335 periit
734 2252 755 2314 i.
773 2272 800 2315 2.
823 2286 864 2298 -
888 2252 1038 2335 quoniam
1055 2253 1327 2318 undeuicenorum

123 2376 274 2420 uersuum
297 2374 449 2417 numerus
471 2353 604 2435 singulis
632 2353 757 2436 paginis
780 2358 965 2416 constanter
988 2354 1128 2418 tributus
1150 2360 1199 2418 est
1223 2392 1260 2402 -
1285 2359 1325 2419 38

123 2478 245 2534 uersus,
268 2455 383 2537 quibus
404 2456 438 2517 in
461 2453 552 2518 libris
574 2455 731 2518 Palatinis
754 2456 850 2518 BOD
870 2477 921 2518 uu.
946 2455 970 2535 I,
994 2460 1022 2535 2,
1046 2461 1170 2521 43-75
1194 2457 1216 2520 i.
1233 2477 1260 2520 2.
1284 2460 1325 2521 33

123 2558 298 2644 septenarii
320 2557 449 2621 iambici
471 2556 681 2639 respondent,
712 2578 847 2640 quorum
870 2557 1012 2642 quinque
1034 2563 1165 2642 propter
1187 2557 1325 2642 longitu-

123 2660 230 2725 dinem
257 2659 425 2742 bipertitos
453 2657 550 2722 fuisse
582 2658 731 2723 conicias.
775 2659 910 2742 Propter
940 2661 1094 2723 maiorem
1124 2667 1232 2724 autem
1254 2681 1325 2723 uer-

122 2783 216 2827 suum
239 2782 406 2825 numerum
429 2760 557 2824 decerni
580 2760 699 2844 nequit,
722 2766 831 2824 utrum
853 2761 881 2825 is
903 2782 1032 2839 uersus,
1065 2783 1160 2845 quem
1182 2762 1230 2826 Tu
1252 2783 1325 2826 cum

122 2864 263 2929 Martino
284 2863 415 2926 Hertzio
437 2867 511 2945 post
532 2882 563 2924 u.
580 2862 604 2940 1,
629 2867 657 2941 2,
682 2867 719 2926 61
745 2882 785 2926 ex
806 2861 969 2926 Prisciano
992 2869 1034 2946 (p.
1053 2866 1128 2945 609)
1152 2864 1323 2944 inseruisti,

122 2966 243 3031 alibro
267 2964 478 3036 Ambrosiauo
501 2962 643 3027 abfuerit
664 2983 778 3042 necne3
802 2963 853 3027 cui
876 2969 984 3028 tamen
1006 2964 1255 3048 probabiliorem
1277 2966 1323 3030 lo·

121 3090 193 3134 cum
215 3088 235 3132 a
259 3067 354 3133 Vobis
377 3065 581 3148 adsignatum
603 3086 671 3128 esse
694 3070 822 3129 constat
843 3087 940 3149 quam
963 3066 1039 3131 olim
1055 3088 1075 3130 a
1090 3067 1236 3132 Goellero
1251 3073 1325 3151 post

120 3193 151 3236 u.
175 3171 200 3248 l,
225 3174 253 3250 2,
277 3174 333 3248 37,
356 3168 411 3233 ubi
434 3189 498 3232 non
521 3167 623 3231 solum
647 3166 869 3231 Palatinorum
892 3167 949 3232 sed
971 3168 1174 3233 Ambrosiani
1196 3189 1322 3253 quoque

119 3271 274 3337 memoria
295 3269 465 3354 respuitur.
511 3269 611 3332 Periit
632 3274 800 3352 practerea
821 3268 933 3333 folium
955 3271 1125 3354 septimum
1148 3272 1231 3356 (QV.
1255 3271 1339 3351 XL,

120 3381 153 3454 2)
183 3374 202 3438 i.
222 3394 248 3438 e.
275 3377 315 3437 38
338 3392 472 3450 uersus,
509 3370 628 3453 quibus
653 3371 686 3433 in
709 3373 806 3434 BOD
828 3393 882 3435 uu.
906 3371 947 3450 ll,
973 3377 1001 3451 2,
1026 3373 1152 3452 64-ΙΙ,
1177 3378 1206 3452 4,
1233 3378 1246 3434 l
1272 3393 1320 3436 re-

119 3476 278 3560 spondent
306 3475 326 3539 i.
343 3495 369 3539 2.
394 3478 412 3538 3
436 3473 609 3557 septenarii
634 3484 671 3555 «1-
697 3479 735 3538 31
761 3474 878 3538 senarii
902 3480 941 3557 †
965 3473 1103 3538 duarum
1131 3480 1320 3538 scaenarum

118 3578 353 3662 inscriptiones,
376 3597 456 3660 quas
479 3581 634 3659 quattuor
655 3597 767 3640 uersus
789 3596 959 3658 occupasse
982 3573 1146 3659 probabile
1168 3579 1248 3639 est.“

205 3715 376 3795 „Ceterum
397 3734 453 3777 sex
474 3712 531 3776 illa
550 3712 645 3790 folia,
669 3733 751 3796 quae
774 3711 932 3793 hodieque
953 3717 1083 3791 extant,
1111 3713 1137 3776 si
1159 3732 1180 3775 a
1201 3712 1319 3796 pagina

117 3820 158 3880 28
180 3817 365 3895 recesseris,
403 3815 469 3879 fere
491 3816 599 3878 omnia
621 3815 648 3878 si
670 3836 732 3878 non
755 3814 908 3880 facillime
931 3835 994 3878 non
1017 3813 1187 3878 difficulter
1209 3820 1318 3878 tamen

114 3917 273 4000 leguntur.
318 3917 477 3982 Plurimas
499 3923 608 3981 autem
630 3922 663 3980 22
678 3917 816 3999 optimas
831 3938 870 3980 ex
885 3917 931 3980 eis
946 3916 1098 3981 lectiones
1113 3937 1185 3979 cum
1200 3937 1317 3998 magno

113 4021 205 4084 crisis
227 4020 396 4085 Plautinae
419 4018 632 4084 emolumento
655 4019 718 4082 iam
741 4025 817 4083 ante
839 4039 890 4082 me
913 4018 947 4082 C.
970 4019 1008 4082 E.
1032 4008 1174 4101 Geppert
1194 4018 1227 4080 in
1251 4017 1317 4081 edi·

113 4122 201 4187 tione
222 4121 408 4187 Truculenti
430 4121 549 4205 publici
569 4121 649 4185 iuris
669 4119 762 4197 fecit,
784 4140 867 4203 quae
889 4119 1104 4184 Trowitzschii
1127 4124 1159 4183 et
1173 4118 1246 4184 Filii
1268 4125 1317 4202 ty·

111 4225 163 4309 pis
185 4225 326 4290 Berolini
347 4224 468 4307 prodiit
490 4243 574 4288 anno
600 4226 692 4286 1863.
737 4221 856 4300 Quodsi
881 4222 994 4287 multis
1020 4223 1099 4287 locis
1121 4242 1233 4287 ueram
1254 4222 1317 4287 lec·
