<?xml version="1.0" encoding="UTF-8"?>
<!DOCTYPE html PUBLIC "-//W3C//DTD XHTML 1.0 Transitional//EN"
    "http://www.w3.org/TR/xhtml1/DTD/xhtml1-transitional.dtd">
<html xmlns="http://www.w3.org/1999/xhtml" xml:lang="en" lang="en">
 <head>
  <title>
</title>
<meta http-equiv="Content-Type" content="text/html;charset=utf-8" />
  <meta name='ocr-system' content='tesseract 3.04.00' />
  <meta name='ocr-capabilities' content='ocr_page ocr_carea ocr_par ocr_line ocrx_word'/>
</head>
<body>
  <div class='ocr_page' id='page_1' title='image "./truculentuscuma00plaugoog_0092.png"; bbox 0 0 2956 4852; ppageno 0'>
   <div class='ocr_carea' id='block_1_1' title="bbox 709 293 1366 373">
    <p class='ocr_par' dir='ltr' id='par_1_1' title="bbox 709 293 1366 373">
     <span class='ocr_line' id='line_1_1' title="bbox 709 293 1366 373; baseline 0.008 -20"><span class='ocrx_word' id='word_1_1' title='bbox 709 315 815 355; x_wconf 75' lang='lat' dir='ltr'>ruavnr</span> <span class='ocrx_word' id='word_1_2' title='bbox 1109 293 1153 373; x_wconf 86' lang='grc' dir='ltr'>ΙΙ,</span> <span class='ocrx_word' id='word_1_3' title='bbox 1176 295 1208 372; x_wconf 70' lang='grc'><em>6,</em></span> <span class='ocrx_word' id='word_1_4' title='bbox 1227 294 1301 356; x_wconf 22' lang='grc'>293·</span> <span class='ocrx_word' id='word_1_5' title='bbox 1315 297 1366 358; x_wconf 86' lang='grc'>36.</span> 
     </span>
    </p>
   </div>
   <div class='ocr_carea' id='block_1_2' title="bbox 114 472 1366 972">
    <p class='ocr_par' dir='ltr' id='par_1_2' title="bbox 114 472 1366 972">
     <span class='ocr_line' id='line_1_2' title="bbox 267 472 1344 563; baseline 0.004 -23"><span class='ocrx_word' id='word_1_6' title='bbox 267 472 367 541; x_wconf 85' lang='lat' dir='ltr'>‘Inter</span> <span class='ocrx_word' id='word_1_7' title='bbox 388 482 437 541; x_wconf 86' lang='lat' dir='ltr'>tet</span> <span class='ocrx_word' id='word_1_8' title='bbox 460 476 528 541; x_wconf 75' lang='lat' dir='ltr'>dies</span> <span class='ocrx_word' id='word_1_9' title='bbox 550 477 679 560; x_wconf 86' lang='lat' dir='ltr'>quidem</span> <span class='ocrx_word' id='word_1_10' title='bbox 701 476 807 542; x_wconf 89' lang='lat' dir='ltr'>hercle</span> <span class='ocrx_word' id='word_1_11' title='bbox 829 478 894 543; x_wconf 90' lang='lat' dir='ltr'>iam</span> <span class='ocrx_word' id='word_1_12' title='bbox 915 478 1037 562; x_wconf 74' lang='lat' dir='ltr'>aliquid</span> <span class='ocrx_word' id='word_1_13' title='bbox 1060 485 1168 545; x_wconf 89' lang='lat' dir='ltr'>actum</span> <span class='ocrx_word' id='word_1_14' title='bbox 1190 478 1344 563; x_wconf 79' lang='lat' dir='ltr'>opdrtuit</span> 
     </span>
     <span class='ocr_line' id='line_1_3' title="bbox 114 576 1366 665; baseline 0.001 -20"><span class='ocrx_word' id='word_1_15' title='bbox 114 594 150 646; x_wconf 80' lang='lat'>30</span> <span class='ocrx_word' id='word_1_16' title='bbox 267 580 349 658; x_wconf 80' lang='lat' dir='ltr'>Quid</span> <span class='ocrx_word' id='word_1_17' title='bbox 364 579 412 644; x_wconf 89' lang='lat' dir='ltr'>illi</span> <span class='ocrx_word' id='word_1_18' title='bbox 427 600 467 642; x_wconf 83' lang='lat' dir='ltr'>ex</span> <span class='ocrx_word' id='word_1_19' title='bbox 482 583 572 642; x_wconf 90' lang='lat' dir='ltr'>utero</span> <span class='ocrx_word' id='word_1_20' title='bbox 588 579 725 660; x_wconf 73' lang='lat' dir='ltr'>exitiost,</span> <span class='ocrx_word' id='word_1_21' title='bbox 740 581 925 663; x_wconf 84' lang='lat' dir='ltr'>priusquam</span> <span class='ocrx_word' id='word_1_22' title='bbox 941 580 1069 664; x_wconf 78' lang='lat' dir='ltr'>pdterat</span> <span class='ocrx_word' id='word_1_23' title='bbox 1084 582 1130 646; x_wconf 90' lang='lat' dir='ltr'>ire</span> <span class='ocrx_word' id='word_1_24' title='bbox 1142 582 1175 645; x_wconf 91' lang='lat' dir='ltr'>in</span> <span class='ocrx_word' id='word_1_25' title='bbox 1186 576 1366 665; x_wconf 68' lang='lat' dir='ltr'>proelium?</span> 
     </span>
     <span class='ocr_line' id='line_1_4' title="bbox 165 680 1144 765; baseline 0.002 -20"><span class='ocrx_word' id='word_1_26' title='bbox 165 683 232 746; x_wconf 86' lang='lat' dir='ltr'>Ast.</span> <span class='ocrx_word' id='word_1_27' title='bbox 267 681 467 765; x_wconf 78' lang='lat' dir='ltr'>Cdnsequere</span> <span class='ocrx_word' id='word_1_28' title='bbox 489 686 585 763; x_wconf 90' lang='lat' dir='ltr'>atque</span> <span class='ocrx_word' id='word_1_29' title='bbox 607 680 697 745; x_wconf 74' lang='lat' dir='ltr'>illam</span> <span class='ocrx_word' id='word_1_30' title='bbox 720 682 826 746; x_wconf 90' lang='lat' dir='ltr'>saluta</span> <span class='ocrx_word' id='word_1_31' title='bbox 847 688 880 747; x_wconf 88' lang='lat' dir='ltr'>et</span> <span class='ocrx_word' id='word_1_32' title='bbox 902 683 1065 765; x_wconf 74' lang='lat' dir='ltr'>gratulare</span> <span class='ocrx_word' id='word_1_33' title='bbox 1087 683 1144 747; x_wconf 83' lang='lat' dir='ltr'>Illi.</span> 
     </span>
     <span class='ocr_line' id='line_1_5' title="bbox 1066 784 1283 868; baseline -0.014 -18"><span class='ocrx_word' id='word_1_34' title='bbox 1066 784 1127 850; x_wconf 86' lang='lat' dir='ltr'>Str.</span> <span class='ocrx_word' id='word_1_35' title='bbox 1152 784 1283 868; x_wconf 83' lang='lat' dir='ltr'>Sequor.</span> 
     </span>
     <span class='ocr_line' id='line_1_6' title="bbox 164 880 1365 972; baseline 0 -23"><span class='ocrx_word' id='word_1_36' title='bbox 164 883 238 949; x_wconf 90' lang='lat' dir='ltr'>Phr.</span> <span class='ocrx_word' id='word_1_37' title='bbox 260 880 331 948; x_wconf 85' lang='lat' dir='ltr'>‘Vbi</span> <span class='ocrx_word' id='word_1_38' title='bbox 361 884 451 948; x_wconf 84' lang='lat' dir='ltr'>illaec</span> <span class='ocrx_word' id='word_1_39' title='bbox 478 885 640 951; x_wconf 78' lang='lat' dir='ltr'>obsecrdst</span> <span class='ocrx_word' id='word_1_40' title='bbox 665 907 747 969; x_wconf 88' lang='lat' dir='ltr'>quae</span> <span class='ocrx_word' id='word_1_41' title='bbox 777 908 828 950; x_wconf 86' lang='lat' dir='ltr'>me</span> <span class='ocrx_word' id='word_1_42' title='bbox 857 887 909 952; x_wconf 89' lang='lat' dir='ltr'>hic</span> <span class='ocrx_word' id='word_1_43' title='bbox 938 887 1070 970; x_wconf 85' lang='lat' dir='ltr'>reliquit</span> <span class='ocrx_word' id='word_1_44' title='bbox 1099 887 1215 972; x_wconf 79' lang='lat' dir='ltr'>[atque]</span> <span class='ocrx_word' id='word_1_45' title='bbox 1238 884 1294 948; x_wconf 81' lang='lat' dir='ltr'>aba</span> <span class='ocrx_word' id='word_1_46' title='bbox 1316 905 1365 949; x_wconf 81' lang='lat' dir='ltr'>me</span> 
     </span>
    </p>
   </div>
   <div class='ocr_carea' id='block_1_3' title="bbox 111 987 1363 1566">
    <p class='ocr_par' dir='ltr' id='par_1_3' title="bbox 111 987 1363 1566">
     <span class='ocr_line' id='line_1_7' title="bbox 1176 987 1320 1052; baseline -0.021 -1"><span class='ocrx_word' id='word_1_47' title='bbox 1176 987 1320 1052; x_wconf 65' lang='lat' dir='ltr'>abactae?</span> 
     </span>
     <span class='ocr_line' id='line_1_8' title="bbox 162 1067 1109 1158; baseline 0 -22"><span class='ocrx_word' id='word_1_48' title='bbox 162 1072 230 1138; x_wconf 81' lang='lat' dir='ltr'>Ast.</span> <span class='ocrx_word' id='word_1_49' title='bbox 263 1067 395 1137; x_wconf 80' lang='lat' dir='ltr'>‘Adsum</span> <span class='ocrx_word' id='word_1_50' title='bbox 417 1071 539 1138; x_wconf 85' lang='lat' dir='ltr'>adduco</span> <span class='ocrx_word' id='word_1_51' title='bbox 562 1073 620 1137; x_wconf 87' lang='lat' dir='ltr'>tibi</span> <span class='ocrx_word' id='word_1_52' title='bbox 644 1078 830 1156; x_wconf 85' lang='lat' dir='ltr'>exoptatum</span> <span class='ocrx_word' id='word_1_53' title='bbox 853 1073 1109 1158; x_wconf 71' lang='lat' dir='ltr'>Stratophanem.</span> 
     </span>
     <span class='ocr_line' id='line_1_9' title="bbox 909 1173 1363 1252; baseline -0.002 -12"><span class='ocrx_word' id='word_1_54' title='bbox 909 1175 984 1240; x_wconf 89' lang='lat' dir='ltr'>Phr.</span> <span class='ocrx_word' id='word_1_55' title='bbox 1009 1176 1069 1240; x_wconf 91' lang='lat' dir='ltr'>Vbi</span> <span class='ocrx_word' id='word_1_56' title='bbox 1084 1178 1111 1240; x_wconf 90' lang='lat' dir='ltr'>is</span> <span class='ocrx_word' id='word_1_57' title='bbox 1126 1182 1184 1252; x_wconf 86' lang='lat' dir='ltr'>est,</span> <span class='ocrx_word' id='word_1_58' title='bbox 1208 1173 1363 1240; x_wconf 82' lang='lat' dir='ltr'>6bsecr0?</span> 
     </span>
     <span class='ocr_line' id='line_1_10' title="bbox 163 1275 1313 1359; baseline -0.003 -17"><span class='ocrx_word' id='word_1_59' title='bbox 163 1276 225 1342; x_wconf 87' lang='lat' dir='ltr'>Str.</span> <span class='ocrx_word' id='word_1_60' title='bbox 260 1275 348 1343; x_wconf 73' lang='lat' dir='ltr'>Mars</span> <span class='ocrx_word' id='word_1_61' title='bbox 368 1298 501 1359; x_wconf 77' lang='lat' dir='ltr'>peregre</span> <span class='ocrx_word' id='word_1_62' title='bbox 523 1277 698 1342; x_wconf 76' lang='lat' dir='ltr'>adueniens</span> <span class='ocrx_word' id='word_1_63' title='bbox 722 1278 842 1341; x_wconf 83' lang='lat' dir='ltr'>salutat·</span> <span class='ocrx_word' id='word_1_64' title='bbox 866 1276 1035 1343; x_wconf 75' lang='lat' dir='ltr'>Nerienem</span> <span class='ocrx_word' id='word_1_65' title='bbox 1058 1277 1190 1342; x_wconf 77' lang='lat' dir='ltr'>uxorem</span> <span class='ocrx_word' id='word_1_66' title='bbox 1213 1299 1313 1342; x_wconf 88' lang='lat' dir='ltr'>suam.</span> 
     </span>
     <span class='ocr_line' id='line_1_11' title="bbox 111 1377 1226 1463; baseline 0.002 -21"><span class='ocrx_word' id='word_1_67' title='bbox 111 1383 145 1437; x_wconf 81' lang='lat'>35</span> <span class='ocrx_word' id='word_1_68' title='bbox 247 1378 367 1459; x_wconf 78' lang='lat' dir='ltr'>.Qudm</span> <span class='ocrx_word' id='word_1_69' title='bbox 388 1385 425 1444; x_wconf 93' lang='lat' dir='ltr'>tu</span> <span class='ocrx_word' id='word_1_70' title='bbox 448 1384 533 1444; x_wconf 86' lang='lat' dir='ltr'>recte</span> <span class='ocrx_word' id='word_1_71' title='bbox 555 1377 732 1462; x_wconf 82' lang='lat' dir='ltr'>prduenisti</span> <span class='ocrx_word' id='word_1_72' title='bbox 754 1378 914 1463; x_wconf 80' lang='lat' dir='ltr'>ququue</span> <span class='ocrx_word' id='word_1_73' title='bbox 935 1402 970 1446; x_wconf 90' lang='lat' dir='ltr'>es</span> <span class='ocrx_word' id='word_1_74' title='bbox 991 1387 1087 1445; x_wconf 84' lang='lat' dir='ltr'>aucta</span> <span class='ocrx_word' id='word_1_75' title='bbox 1109 1380 1226 1456; x_wconf 80' lang='lat' dir='ltr'>liberis,</span> 
     </span>
     <span class='ocr_line' id='line_1_12' title="bbox 260 1479 1344 1566; baseline 0.001 -21"><span class='ocrx_word' id='word_1_76' title='bbox 260 1479 412 1545; x_wconf 75' lang='lat' dir='ltr'>Gratulor</span> <span class='ocrx_word' id='word_1_77' title='bbox 433 1502 529 1564; x_wconf 89' lang='lat' dir='ltr'>quom</span> <span class='ocrx_word' id='word_1_78' title='bbox 551 1481 629 1545; x_wconf 88' lang='lat' dir='ltr'>mihi</span> <span class='ocrx_word' id='word_1_79' title='bbox 652 1481 773 1564; x_wconf 83' lang='lat' dir='ltr'>tibique</span> <span class='ocrx_word' id='word_1_80' title='bbox 796 1481 946 1566; x_wconf 76' lang='lat' dir='ltr'>maguum</span> <span class='ocrx_word' id='word_1_81' title='bbox 966 1483 1118 1566; x_wconf 79' lang='lat' dir='ltr'>peperisti</span> <span class='ocrx_word' id='word_1_82' title='bbox 1140 1483 1245 1549; x_wconf 90' lang='lat' dir='ltr'>decus.</span> <span class='ocrx_word' id='word_1_83' title='bbox 1341 1518 1344 1523; x_wconf 93' lang='lat'>·</span> 
     </span>
    </p>
   </div>
   <div class='ocr_carea' id='block_1_4' title="bbox 155 1668 1361 2782">
    <p class='ocr_par' dir='ltr' id='par_1_4' title="bbox 155 1668 1361 2782">
     <span class='ocr_line' id='line_1_13' title="bbox 161 1668 1361 1739; baseline 0.002 -19"><span class='ocrx_word' id='word_1_84' title='bbox 161 1670 202 1724; x_wconf 81' lang='grc'>29.</span> <span class='ocrx_word' id='word_1_85' title='bbox 235 1670 341 1738; x_wconf 86' lang='lat' dir='ltr'>aliquid</span> <span class='ocrx_word' id='word_1_86' title='bbox 360 1675 452 1724; x_wconf 90' lang='lat' dir='ltr'>actum</span> <span class='ocrx_word' id='word_1_87' title='bbox 471 1670 566 1730; x_wconf 79' lang='lat' dir='ltr'>Both.;</span> <span class='ocrx_word' id='word_1_88' title='bbox 593 1673 686 1723; x_wconf 85' lang='lat' dir='ltr'>actum</span> <span class='ocrx_word' id='word_1_89' title='bbox 705 1669 810 1738; x_wconf 91' lang='lat' dir='ltr'>aliquid</span> <span class='ocrx_word' id='word_1_90' title='bbox 828 1669 910 1723; x_wconf 81' lang='lat' dir='ltr'>BOD</span> <span class='ocrx_word' id='word_1_91' title='bbox 928 1668 983 1722; x_wconf 78' lang='lat' dir='ltr'>nisi</span> <span class='ocrx_word' id='word_1_92' title='bbox 998 1670 1068 1739; x_wconf 83' lang='lat' dir='ltr'>quod</span> <span class='ocrx_word' id='word_1_93' title='bbox 1086 1670 1185 1738; x_wconf 87' lang='lat' dir='ltr'>aliquit</span> <span class='ocrx_word' id='word_1_94' title='bbox 1205 1670 1286 1737; x_wconf 79' lang='lat' dir='ltr'>Rea,</span> <span class='ocrx_word' id='word_1_95' title='bbox 1312 1668 1361 1722; x_wconf 86' lang='lat' dir='ltr'>ali·</span> 
     </span>
     <span class='ocr_line' id='line_1_14' title="bbox 160 1756 1359 1826; baseline 0.002 -17"><span class='ocrx_word' id='word_1_96' title='bbox 160 1757 227 1824; x_wconf 88' lang='lat' dir='ltr'>quid</span> <span class='ocrx_word' id='word_1_97' title='bbox 246 1757 325 1812; x_wconf 69' lang='lat' dir='ltr'>Dor.</span> <span class='ocrx_word' id='word_1_98' title='bbox 346 1789 376 1798; x_wconf 94' lang='lat'><em>-</em></span> <span class='ocrx_word' id='word_1_99' title='bbox 414 1762 456 1814; x_wconf 91' lang='grc'>30.</span> <span class='ocrx_word' id='word_1_100' title='bbox 487 1758 553 1825; x_wconf 78' lang='lat' dir='ltr'>Quit</span> <span class='ocrx_word' id='word_1_101' title='bbox 570 1758 598 1809; x_wconf 94' lang='lat' dir='ltr'><em>B</em></span> <span class='ocrx_word' id='word_1_102' title='bbox 620 1787 648 1796; x_wconf 91' lang='lat'>-</span> <span class='ocrx_word' id='word_1_103' title='bbox 671 1757 783 1811; x_wconf 83' lang='lat' dir='ltr'>exitiost</span> <span class='ocrx_word' id='word_1_104' title='bbox 795 1756 879 1809; x_wconf 83' lang='lat' dir='ltr'>BOD</span> <span class='ocrx_word' id='word_1_105' title='bbox 896 1787 928 1796; x_wconf 89' lang='lat'>—</span> <span class='ocrx_word' id='word_1_106' title='bbox 949 1758 978 1810; x_wconf 90' lang='lat' dir='ltr'>iu</span> <span class='ocrx_word' id='word_1_107' title='bbox 995 1759 1131 1826; x_wconf 89' lang='lat' dir='ltr'>proelium</span> <span class='ocrx_word' id='word_1_108' title='bbox 1143 1757 1178 1824; x_wconf 98' lang='grc' dir='ltr'><em>Β,</em></span> <span class='ocrx_word' id='word_1_109' title='bbox 1197 1757 1314 1826; x_wconf 78' lang='lat' dir='ltr'>inplium</span> <span class='ocrx_word' id='word_1_110' title='bbox 1331 1756 1359 1824; x_wconf 81' lang='lat'>0,</span> 
     </span>
     <span class='ocr_line' id='line_1_15' title="bbox 158 1844 1359 1915; baseline 0.001 -19"><span class='ocrx_word' id='word_1_111' title='bbox 158 1844 188 1896; x_wconf 91' lang='lat' dir='ltr'>in</span> <span class='ocrx_word' id='word_1_112' title='bbox 206 1844 294 1912; x_wconf 79' lang='lat' dir='ltr'>plium</span> <span class='ocrx_word' id='word_1_113' title='bbox 313 1845 349 1897; x_wconf 86' lang='lat' dir='ltr'>D.</span> <span class='ocrx_word' id='word_1_114' title='bbox 374 1876 400 1884; x_wconf 95' lang='lat'>-</span> <span class='ocrx_word' id='word_1_115' title='bbox 439 1850 481 1901; x_wconf 83' lang='lat'>31.</span> <span class='ocrx_word' id='word_1_116' title='bbox 513 1846 654 1915; x_wconf 78' lang='lat' dir='ltr'>gratulare</span> <span class='ocrx_word' id='word_1_117' title='bbox 674 1845 710 1911; x_wconf 88' lang='lat' dir='ltr'>Z,</span> <span class='ocrx_word' id='word_1_118' title='bbox 730 1845 864 1912; x_wconf 83' lang='lat' dir='ltr'>gratulari</span> <span class='ocrx_word' id='word_1_119' title='bbox 882 1844 964 1898; x_wconf 77' lang='lat' dir='ltr'>BCD</span> <span class='ocrx_word' id='word_1_120' title='bbox 983 1874 1014 1883; x_wconf 90' lang='lat'>-</span> <span class='ocrx_word' id='word_1_121' title='bbox 1033 1844 1176 1912; x_wconf 88' lang='lat' dir='ltr'>illisequor</span> <span class='ocrx_word' id='word_1_122' title='bbox 1197 1844 1226 1898; x_wconf 77' lang='lat'>0.</span> <span class='ocrx_word' id='word_1_123' title='bbox 1246 1873 1280 1882; x_wconf 93' lang='grc'>-</span> <span class='ocrx_word' id='word_1_124' title='bbox 1316 1847 1359 1900; x_wconf 81' lang='grc'>33.</span> 
     </span>
     <span class='ocr_line' id='line_1_16' title="bbox 157 1930 1360 2000; baseline 0.002 -16"><span class='ocrx_word' id='word_1_125' title='bbox 157 1930 238 1984; x_wconf 86' lang='lat' dir='ltr'>illaec</span> <span class='ocrx_word' id='word_1_126' title='bbox 260 1931 375 2000; x_wconf 53' lang='lat' dir='ltr'>Spera-‚⁰</span> <span class='ocrx_word' id='word_1_127' title='bbox 407 1933 455 1986; x_wconf 90' lang='lat' dir='ltr'>illa</span> <span class='ocrx_word' id='word_1_128' title='bbox 470 1932 555 1986; x_wconf 81' lang='lat' dir='ltr'>BOD</span> <span class='ocrx_word' id='word_1_129' title='bbox 582 1961 608 1972; x_wconf 91' lang='lat'>-·</span> <span class='ocrx_word' id='word_1_130' title='bbox 637 1933 751 1985; x_wconf 84' lang='lat' dir='ltr'>obsecro</span> <span class='ocrx_word' id='word_1_131' title='bbox 775 1935 817 1983; x_wconf 83' lang='lat' dir='ltr'>cst</span> <span class='ocrx_word' id='word_1_132' title='bbox 836 1930 917 1983; x_wconf 76' lang='lat' dir='ltr'>BOD</span> <span class='ocrx_word' id='word_1_133' title='bbox 936 1960 967 1971; x_wconf 83' lang='lat'>-</span> <span class='ocrx_word' id='word_1_134' title='bbox 996 1948 1027 1999; x_wconf 90' lang='lat' dir='ltr'>q;</span> <span class='ocrx_word' id='word_1_135' title='bbox 1046 1931 1086 1999; x_wconf 90' lang='lat' dir='ltr'>B,</span> <span class='ocrx_word' id='word_1_136' title='bbox 1120 1948 1173 2000; x_wconf 73' lang='lat' dir='ltr'>que</span> <span class='ocrx_word' id='word_1_137' title='bbox 1194 1931 1245 1984; x_wconf 72' lang='lat' dir='ltr'>OD</span> <span class='ocrx_word' id='word_1_138' title='bbox 1267 1960 1293 1970; x_wconf 87' lang='lat'>-</span> <span class='ocrx_word' id='word_1_139' title='bbox 1316 1948 1360 1986; x_wconf 86' lang='lat' dir='ltr'>me</span> 
     </span>
     <span class='ocr_line' id='line_1_17' title="bbox 158 2017 1359 2087; baseline 0.005 -19"><span class='ocrx_word' id='word_1_140' title='bbox 158 2034 209 2070; x_wconf 85' lang='lat' dir='ltr'>om.</span> <span class='ocrx_word' id='word_1_141' title='bbox 228 2017 291 2080; x_wconf 88' lang='lat' dir='ltr'>Da,</span> <span class='ocrx_word' id='word_1_142' title='bbox 317 2018 377 2071; x_wconf 83' lang='lat' dir='ltr'>add.</span> <span class='ocrx_word' id='word_1_143' title='bbox 397 2018 441 2070; x_wconf 87' lang='lat' dir='ltr'>Dc</span> <span class='ocrx_word' id='word_1_144' title='bbox 469 2051 485 2058; x_wconf 98' lang='lat'><em>-</em></span> <span class='ocrx_word' id='word_1_145' title='bbox 510 2020 629 2087; x_wconf 84' lang='lat' dir='ltr'>reliquid</span> <span class='ocrx_word' id='word_1_146' title='bbox 648 2018 691 2086; x_wconf 84' lang='lat' dir='ltr'>D,</span> <span class='ocrx_word' id='word_1_147' title='bbox 720 2018 832 2084; x_wconf 87' lang='lat' dir='ltr'>reliquit</span> <span class='ocrx_word' id='word_1_148' title='bbox 851 2035 910 2068; x_wconf 83' lang='lat' dir='ltr'>cnm</span> <span class='ocrx_word' id='word_1_149' title='bbox 930 2023 997 2086; x_wconf 76' lang='lat' dir='ltr'>aput.</span> <span class='ocrx_word' id='word_1_150' title='bbox 1021 2018 1044 2071; x_wconf 80' lang='grc' dir='ltr'><em>Ο</em></span> <span class='ocrx_word' id='word_1_151' title='bbox 1067 2049 1092 2056; x_wconf 97' lang='grc'>-</span> <span class='ocrx_word' id='word_1_152' title='bbox 1114 2023 1198 2087; x_wconf 85' lang='lat' dir='ltr'>atque</span> <span class='ocrx_word' id='word_1_153' title='bbox 1216 2036 1232 2071; x_wconf 97' lang='lat' dir='ltr'>a</span> <span class='ocrx_word' id='word_1_154' title='bbox 1250 2036 1295 2072; x_wconf 84' lang='lat' dir='ltr'>me</span> <span class='ocrx_word' id='word_1_155' title='bbox 1312 2020 1359 2075; x_wconf 85' lang='lat' dir='ltr'>ab·</span> 
     </span>
     <span class='ocr_line' id='line_1_18' title="bbox 158 2103 1359 2175; baseline 0.001 -17"><span class='ocrx_word' id='word_1_156' title='bbox 158 2105 231 2158; x_wconf 82' lang='lat' dir='ltr'>stitit</span> <span class='ocrx_word' id='word_1_157' title='bbox 250 2103 329 2156; x_wconf 76' lang='lat' dir='ltr'>Acid.</span> <span class='ocrx_word' id='word_1_158' title='bbox 350 2105 410 2171; x_wconf 85' lang='lat' dir='ltr'>(abs</span> <span class='ocrx_word' id='word_1_159' title='bbox 427 2122 472 2158; x_wconf 86' lang='lat' dir='ltr'>me</span> <span class='ocrx_word' id='word_1_160' title='bbox 486 2105 620 2173; x_wconf 54' lang='grc' dir='ltr'>δραμε),</span> <span class='ocrx_word' id='word_1_161' title='bbox 641 2104 724 2158; x_wconf 88' lang='lat' dir='ltr'>eabse</span> <span class='ocrx_word' id='word_1_162' title='bbox 742 2103 826 2156; x_wconf 84' lang='lat' dir='ltr'>abisti</span> <span class='ocrx_word' id='word_1_163' title='bbox 846 2104 872 2155; x_wconf 91' lang='lat' dir='ltr'><em>B</em></span> <span class='ocrx_word' id='word_1_164' title='bbox 890 2104 947 2173; x_wconf 78' lang='lat' dir='ltr'>(ult.</span> <span class='ocrx_word' id='word_1_165' title='bbox 964 2104 1013 2159; x_wconf 82' lang='lat' dir='ltr'>litt.</span> <span class='ocrx_word' id='word_1_166' title='bbox 1027 2106 1037 2158; x_wconf 91' lang='lat' dir='ltr'>i</span> <span class='ocrx_word' id='word_1_167' title='bbox 1050 2106 1172 2174; x_wconf 80' lang='lat' dir='ltr'>fortasse</span> <span class='ocrx_word' id='word_1_168' title='bbox 1189 2123 1260 2160; x_wconf 73' lang='lat' dir='ltr'>corr⁴</span> <span class='ocrx_word' id='word_1_169' title='bbox 1274 2125 1307 2160; x_wconf 79' lang='lat' dir='ltr'>aa·</span> <span class='ocrx_word' id='word_1_170' title='bbox 1324 2107 1359 2175; x_wconf 87' lang='lat' dir='ltr'>a),</span> 
     </span>
     <span class='ocr_line' id='line_1_19' title="bbox 157 2191 1358 2262; baseline 0.002 -18"><span class='ocrx_word' id='word_1_171' title='bbox 157 2192 224 2244; x_wconf 85' lang='lat' dir='ltr'>absc</span> <span class='ocrx_word' id='word_1_172' title='bbox 242 2192 323 2245; x_wconf 86' lang='lat' dir='ltr'>abisti</span> <span class='ocrx_word' id='word_1_173' title='bbox 345 2192 403 2246; x_wconf 79' lang='lat'><strong><em>01).</em></strong></span> <span class='ocrx_word' id='word_1_174' title='bbox 427 2222 454 2231; x_wconf 91' lang='lat'><em>-</em></span> <span class='ocrx_word' id='word_1_175' title='bbox 494 2195 536 2246; x_wconf 82' lang='lat'>33.</span> <span class='ocrx_word' id='word_1_176' title='bbox 567 2193 644 2246; x_wconf 80' lang='lat' dir='ltr'>Adsu</span> <span class='ocrx_word' id='word_1_177' title='bbox 667 2192 691 2242; x_wconf 86' lang='lat' dir='ltr'><em>B</em></span> <span class='ocrx_word' id='word_1_178' title='bbox 711 2221 742 2230; x_wconf 91' lang='lat'><em>-</em></span> <span class='ocrx_word' id='word_1_179' title='bbox 762 2191 867 2245; x_wconf 88' lang='lat' dir='ltr'>adduce</span> <span class='ocrx_word' id='word_1_180' title='bbox 885 2192 968 2245; x_wconf 77' lang='lat' dir='ltr'>BOD</span> <span class='ocrx_word' id='word_1_181' title='bbox 985 2222 1019 2231; x_wconf 98' lang='lat'>—</span> <span class='ocrx_word' id='word_1_182' title='bbox 1039 2197 1126 2248; x_wconf 84' lang='lat' dir='ltr'>strate</span> <span class='ocrx_word' id='word_1_183' title='bbox 1145 2210 1215 2261; x_wconf 88' lang='lat' dir='ltr'>pane</span> <span class='ocrx_word' id='word_1_184' title='bbox 1236 2194 1271 2262; x_wconf 91' lang='lat' dir='ltr'>B,</span> <span class='ocrx_word' id='word_1_185' title='bbox 1289 2198 1358 2247; x_wconf 82' lang='lat' dir='ltr'>stra·</span> 
     </span>
     <span class='ocr_line' id='line_1_20' title="bbox 157 2278 1357 2349; baseline 0.001 -18"><span class='ocrx_word' id='word_1_186' title='bbox 157 2283 278 2348; x_wconf 87' lang='lat' dir='ltr'>topanen</span> <span class='ocrx_word' id='word_1_187' title='bbox 293 2279 322 2347; x_wconf 80' lang='lat'>0,</span> <span class='ocrx_word' id='word_1_188' title='bbox 342 2282 503 2349; x_wconf 72' lang='lat' dir='ltr'>stratopand</span> <span class='ocrx_word' id='word_1_189' title='bbox 516 2279 571 2345; x_wconf 86' lang='lat' dir='ltr'>Da,</span> <span class='ocrx_word' id='word_1_190' title='bbox 590 2279 771 2346; x_wconf 72' lang='lat' dir='ltr'>stratophane</span> <span class='ocrx_word' id='word_1_191' title='bbox 784 2278 830 2330; x_wconf 79' lang='lat' dir='ltr'>De</span> <span class='ocrx_word' id='word_1_192' title='bbox 849 2310 882 2320; x_wconf 90' lang='lat'><em>-</em></span> <span class='ocrx_word' id='word_1_193' title='bbox 901 2280 949 2332; x_wconf 87' lang='lat' dir='ltr'>ubi</span> <span class='ocrx_word' id='word_1_194' title='bbox 966 2280 990 2331; x_wconf 84' lang='lat' dir='ltr'>is</span> <span class='ocrx_word' id='word_1_195' title='bbox 1009 2284 1052 2332; x_wconf 87' lang='lat' dir='ltr'>est</span> <span class='ocrx_word' id='word_1_196' title='bbox 1065 2281 1096 2347; x_wconf 89' lang='grc' dir='ltr'>Ζ,</span> <span class='ocrx_word' id='word_1_197' title='bbox 1115 2279 1218 2334; x_wconf 86' lang='lat' dir='ltr'>nubilis</span> <span class='ocrx_word' id='word_1_198' title='bbox 1237 2284 1280 2333; x_wconf 90' lang='lat' dir='ltr'>est</span> <span class='ocrx_word' id='word_1_199' title='bbox 1292 2280 1357 2349; x_wconf 90' lang='grc' dir='ltr'><em>ΒΙ),</em></span> 
     </span>
     <span class='ocr_line' id='line_1_21' title="bbox 157 2365 1357 2437; baseline 0.002 -18"><span class='ocrx_word' id='word_1_200' title='bbox 157 2367 304 2419; x_wconf 85' lang='lat' dir='ltr'>nubilisest</span> <span class='ocrx_word' id='word_1_201' title='bbox 325 2366 347 2418; x_wconf 81' lang='lat'><strong><em>0</em></strong></span> <span class='ocrx_word' id='word_1_202' title='bbox 368 2397 394 2405; x_wconf 90' lang='lat'>-</span> <span class='ocrx_word' id='word_1_203' title='bbox 417 2366 538 2421; x_wconf 84' lang='lat' dir='ltr'>Obsecro</span> <span class='ocrx_word' id='word_1_204' title='bbox 561 2367 617 2419; x_wconf 78' lang='grc'><em>01).</em></span> <span class='ocrx_word' id='word_1_205' title='bbox 640 2397 671 2407; x_wconf 89' lang='grc'>-</span> <span class='ocrx_word' id='word_1_206' title='bbox 709 2370 751 2420; x_wconf 87' lang='grc'>34.</span> <span class='ocrx_word' id='word_1_207' title='bbox 781 2382 855 2418; x_wconf 88' lang='lat' dir='ltr'>mars</span> <span class='ocrx_word' id='word_1_208' title='bbox 872 2365 922 2419; x_wconf 78' lang='grc'><em>01)</em></span> <span class='ocrx_word' id='word_1_209' title='bbox 942 2395 973 2405; x_wconf 91' lang='grc'>-</span> <span class='ocrx_word' id='word_1_210' title='bbox 992 2367 1104 2420; x_wconf 86' lang='lat' dir='ltr'>neriene</span> <span class='ocrx_word' id='word_1_211' title='bbox 1119 2367 1152 2434; x_wconf 87' lang='lat' dir='ltr'>B,</span> <span class='ocrx_word' id='word_1_212' title='bbox 1171 2368 1311 2422; x_wconf 83' lang='lat' dir='ltr'>neriauem</span> <span class='ocrx_word' id='word_1_213' title='bbox 1327 2368 1357 2437; x_wconf 80' lang='lat'>0,</span> 
     </span>
     <span class='ocr_line' id='line_1_22' title="bbox 156 2453 1357 2522; baseline 0.003 -16"><span class='ocrx_word' id='word_1_214' title='bbox 156 2454 268 2506; x_wconf 71' lang='lat' dir='ltr'>norisne</span> <span class='ocrx_word' id='word_1_215' title='bbox 287 2453 318 2504; x_wconf 91' lang='lat' dir='ltr'><em>D</em></span> <span class='ocrx_word' id='word_1_216' title='bbox 339 2483 367 2493; x_wconf 81' lang='lat'><em>-</em></span> <span class='ocrx_word' id='word_1_217' title='bbox 387 2470 518 2507; x_wconf 84' lang='lat' dir='ltr'>uexerem</span> <span class='ocrx_word' id='word_1_218' title='bbox 538 2455 580 2521; x_wconf 87' lang='lat' dir='ltr'>B,</span> <span class='ocrx_word' id='word_1_219' title='bbox 607 2455 728 2508; x_wconf 84' lang='lat' dir='ltr'>onrem</span> <span class='ocrx_word' id='word_1_220' title='bbox 750 2453 808 2506; x_wconf 78' lang='lat' dir='ltr'>OD.</span> <span class='ocrx_word' id='word_1_221' title='bbox 830 2482 860 2490; x_wconf 98' lang='lat'><em>-</em></span> <span class='ocrx_word' id='word_1_222' title='bbox 899 2455 941 2506; x_wconf 83' lang='lat'>3⁵.</span> <span class='ocrx_word' id='word_1_223' title='bbox 975 2453 1041 2507; x_wconf 87' lang='lat' dir='ltr'>Cum</span> <span class='ocrx_word' id='word_1_224' title='bbox 1059 2454 1099 2520; x_wconf 90' lang='grc' dir='ltr'>Β,</span> <span class='ocrx_word' id='word_1_225' title='bbox 1119 2471 1181 2507; x_wconf 91' lang='lat' dir='ltr'>cum</span> <span class='ocrx_word' id='word_1_226' title='bbox 1204 2455 1255 2508; x_wconf 75' lang='grc' dir='ltr'>ΟΒ</span> <span class='ocrx_word' id='word_1_227' title='bbox 1274 2457 1357 2522; x_wconf 88' lang='lat' dir='ltr'>(cum-</span> 
     </span>
     <span class='ocr_line' id='line_1_23' title="bbox 155 2540 1356 2610; baseline 0.002 -18"><span class='ocrx_word' id='word_1_228' title='bbox 155 2544 264 2594; x_wconf 85' lang='lat' dir='ltr'>turecte</span> <span class='ocrx_word' id='word_1_229' title='bbox 286 2541 317 2606; x_wconf 73' lang='lat'>0)</span> <span class='ocrx_word' id='word_1_230' title='bbox 337 2570 368 2580; x_wconf 84' lang='lat'><em>-</em></span> <span class='ocrx_word' id='word_1_231' title='bbox 388 2558 504 2608; x_wconf 90' lang='lat' dir='ltr'>cumque</span> <span class='ocrx_word' id='word_1_232' title='bbox 523 2557 552 2593; x_wconf 81' lang='lat' dir='ltr'>es</span> <span class='ocrx_word' id='word_1_233' title='bbox 571 2542 608 2608; x_wconf 89' lang='grc' dir='ltr'>Ζ,</span> <span class='ocrx_word' id='word_1_234' title='bbox 627 2547 679 2609; x_wconf 65' lang='lat' dir='ltr'>qua</span> <span class='ocrx_word' id='word_1_235' title='bbox 697 2557 797 2608; x_wconf 87' lang='lat' dir='ltr'>quaes</span> <span class='ocrx_word' id='word_1_236' title='bbox 816 2540 882 2608; x_wconf 91' lang='lat' dir='ltr'>BD,</span> <span class='ocrx_word' id='word_1_237' title='bbox 900 2556 982 2607; x_wconf 91' lang='lat' dir='ltr'>quam</span> <span class='ocrx_word' id='word_1_238' title='bbox 1000 2557 1054 2608; x_wconf 89' lang='lat' dir='ltr'>qua</span> <span class='ocrx_word' id='word_1_239' title='bbox 1073 2558 1101 2593; x_wconf 89' lang='lat' dir='ltr'>es</span> <span class='ocrx_word' id='word_1_240' title='bbox 1118 2543 1249 2608; x_wconf 84' lang='lat' dir='ltr'>(esaucta)</span> <span class='ocrx_word' id='word_1_241' title='bbox 1272 2541 1303 2610; x_wconf 84' lang='lat'>0)</span> <span class='ocrx_word' id='word_1_242' title='bbox 1323 2573 1356 2582; x_wconf 95' lang='lat'>-</span> 
     </span>
     <span class='ocr_line' id='line_1_24' title="bbox 156 2626 1358 2697; baseline 0.002 -17"><span class='ocrx_word' id='word_1_243' title='bbox 156 2627 263 2680; x_wconf 84' lang='lat' dir='ltr'>Liberis</span> <span class='ocrx_word' id='word_1_244' title='bbox 279 2627 337 2680; x_wconf 79' lang='lat'><strong><em>01).</em></strong></span> <span class='ocrx_word' id='word_1_245' title='bbox 360 2658 388 2666; x_wconf 86' lang='lat'>-</span> <span class='ocrx_word' id='word_1_246' title='bbox 427 2630 469 2681; x_wconf 86' lang='grc'>36.</span> <span class='ocrx_word' id='word_1_247' title='bbox 494 2628 619 2696; x_wconf 84' lang='lat' dir='ltr'>gratulor</span> <span class='ocrx_word' id='word_1_248' title='bbox 636 2627 686 2680; x_wconf 76' lang='grc'><em>01)</em></span> <span class='ocrx_word' id='word_1_249' title='bbox 708 2657 733 2665; x_wconf 90' lang='grc'>-</span> <span class='ocrx_word' id='word_1_250' title='bbox 758 2644 820 2679; x_wconf 92' lang='lat' dir='ltr'>cum</span> <span class='ocrx_word' id='word_1_251' title='bbox 834 2626 916 2679; x_wconf 76' lang='lat' dir='ltr'>BCD</span> <span class='ocrx_word' id='word_1_252' title='bbox 938 2655 964 2665; x_wconf 92' lang='lat'>-</span> <span class='ocrx_word' id='word_1_253' title='bbox 987 2627 1115 2680; x_wconf 87' lang='lat' dir='ltr'>cummihi</span> <span class='ocrx_word' id='word_1_254' title='bbox 1134 2628 1157 2681; x_wconf 79' lang='lat'><em>0</em></span> <span class='ocrx_word' id='word_1_255' title='bbox 1174 2659 1204 2668; x_wconf 93' lang='lat'><em>-</em></span> <span class='ocrx_word' id='word_1_256' title='bbox 1224 2629 1358 2697; x_wconf 81' lang='lat' dir='ltr'>peperisti</span> 
     </span>
     <span class='ocr_line' id='line_1_25' title="bbox 158 2713 753 2782; baseline -0.003 -15"><span class='ocrx_word' id='word_1_257' title='bbox 158 2715 190 2782; x_wconf 91' lang='grc' dir='ltr'>Ζ,</span> <span class='ocrx_word' id='word_1_258' title='bbox 209 2713 305 2767; x_wconf 87' lang='lat' dir='ltr'>deristi</span> <span class='ocrx_word' id='word_1_259' title='bbox 324 2713 404 2766; x_wconf 82' lang='lat' dir='ltr'>BCD</span> <span class='ocrx_word' id='word_1_260' title='bbox 424 2743 453 2752; x_wconf 95' lang='lat'>-</span> <span class='ocrx_word' id='word_1_261' title='bbox 475 2713 656 2767; x_wconf 83' lang='lat' dir='ltr'>deristidecus</span> <span class='ocrx_word' id='word_1_262' title='bbox 678 2714 709 2765; x_wconf 82' lang='lat'>0.</span> <span class='ocrx_word' id='word_1_263' title='bbox 731 2743 753 2752; x_wconf 86' lang='lat'><em>-</em></span> 
     </span>
    </p>
   </div>
   <div class='ocr_carea' id='block_1_5' title="bbox 99 2867 1357 4335">
    <p class='ocr_par' dir='ltr' id='par_1_5' title="bbox 99 2867 1357 4335">
     <span class='ocr_line' id='line_1_26' title="bbox 155 2867 1357 2940; baseline 0.001 -18"><span class='ocrx_word' id='word_1_264' title='bbox 155 2869 220 2940; x_wconf 83' lang='lat' dir='ltr'>quid</span> <span class='ocrx_word' id='word_1_265' title='bbox 236 2874 330 2940; x_wconf 81' lang='lat' dir='ltr'>postea</span> <span class='ocrx_word' id='word_1_266' title='bbox 349 2869 376 2922; x_wconf 89' lang='lat' dir='ltr'>h.</span> <span class='ocrx_word' id='word_1_267' title='bbox 390 2886 412 2922; x_wconf 91' lang='lat' dir='ltr'>e.</span> <span class='ocrx_word' id='word_1_268' title='bbox 431 2867 497 2936; x_wconf 92' lang='lat' dir='ltr'>quid</span> <span class='ocrx_word' id='word_1_269' title='bbox 516 2867 581 2921; x_wconf 90' lang='lat' dir='ltr'>inde</span> <span class='ocrx_word' id='word_1_270' title='bbox 598 2868 741 2937; x_wconf 77' lang='lat' dir='ltr'>sequitur?</span> <span class='ocrx_word' id='word_1_271' title='bbox 769 2871 889 2936; x_wconf 84' lang='lat' dir='ltr'>putaret.</span> <span class='ocrx_word' id='word_1_272' title='bbox 925 2867 979 2922; x_wconf 89' lang='lat' dir='ltr'>Sed</span> <span class='ocrx_word' id='word_1_273' title='bbox 1001 2868 1031 2922; x_wconf 88' lang='lat' dir='ltr'>id</span> <span class='ocrx_word' id='word_1_274' title='bbox 1054 2869 1143 2937; x_wconf 86' lang='lat' dir='ltr'>perite</span> <span class='ocrx_word' id='word_1_275' title='bbox 1167 2869 1255 2938; x_wconf 82' lang='lat' dir='ltr'>magis</span> <span class='ocrx_word' id='word_1_276' title='bbox 1274 2887 1357 2938; x_wconf 89' lang='lat' dir='ltr'>quam</span> 
     </span>
     <span class='ocr_line' id='line_1_27' title="bbox 99 2955 1357 3026; baseline 0 -16"><span class='ocrx_word' id='word_1_277' title='bbox 99 2955 100 2959; x_wconf 69' lang='grc'>’</span> <span class='ocrx_word' id='word_1_278' title='bbox 156 2958 221 3025; x_wconf 90' lang='lat' dir='ltr'>quid</span> <span class='ocrx_word' id='word_1_279' title='bbox 241 2957 294 3011; x_wconf 88' lang='lat' dir='ltr'>hoc</span> <span class='ocrx_word' id='word_1_280' title='bbox 312 2958 348 3011; x_wconf 86' lang='lat' dir='ltr'>ad</span> <span class='ocrx_word' id='word_1_281' title='bbox 365 2973 425 3010; x_wconf 90' lang='lat' dir='ltr'>rem</span> <span class='ocrx_word' id='word_1_282' title='bbox 442 2956 547 3009; x_wconf 81' lang='lat' dir='ltr'>refert?</span> <span class='ocrx_word' id='word_1_283' title='bbox 770 2957 873 3010; x_wconf 89' lang='lat' dir='ltr'>comice</span> <span class='ocrx_word' id='word_1_284' title='bbox 892 2957 997 3020; x_wconf 84' lang='lat' dir='ltr'>dictum</span> <span class='ocrx_word' id='word_1_285' title='bbox 1022 2956 1179 3026; x_wconf 72' lang='lat' dir='ltr'>intelleget,</span> <span class='ocrx_word' id='word_1_286' title='bbox 1211 2957 1258 3025; x_wconf 72' lang='lat' dir='ltr'>qui</span> <span class='ocrx_word' id='word_1_287' title='bbox 1281 2957 1357 3024; x_wconf 81' lang='lat' dir='ltr'>leget</span> 
     </span>
     <span class='ocr_line' id='line_1_28' title="bbox 191 3042 1357 3112; baseline -0.001 -12"><span class='ocrx_word' id='word_1_288' title='bbox 191 3047 235 3100; x_wconf 81' lang='lat'>32.</span> <span class='ocrx_word' id='word_1_289' title='bbox 271 3045 346 3098; x_wconf 88' lang='lat' dir='ltr'>Haec</span> <span class='ocrx_word' id='word_1_290' title='bbox 375 3043 556 3097; x_wconf 85' lang='lat' dir='ltr'>Phronesium</span> <span class='ocrx_word' id='word_1_291' title='bbox 586 3044 643 3097; x_wconf 79' lang='lat' dir='ltr'>alta</span> <span class='ocrx_word' id='word_1_292' title='bbox 674 3061 742 3097; x_wconf 85' lang='lat' dir='ltr'>unce</span> <span class='ocrx_word' id='word_1_293' title='bbox 769 3042 815 3096; x_wconf 84' lang='lat' dir='ltr'>Cn.</span> <span class='ocrx_word' id='word_1_294' title='bbox 840 3043 921 3096; x_wconf 88' lang='lat' dir='ltr'>Gellii</span> <span class='ocrx_word' id='word_1_295' title='bbox 946 3042 1072 3096; x_wconf 78' lang='lat' dir='ltr'>annalem</span> <span class='ocrx_word' id='word_1_296' title='bbox 1095 3044 1222 3109; x_wconf 89' lang='lat' dir='ltr'>tertium,</span> <span class='ocrx_word' id='word_1_297' title='bbox 1255 3043 1283 3095; x_wconf 89' lang='lat' dir='ltr'>in</span> <span class='ocrx_word' id='word_1_298' title='bbox 1302 3061 1357 3112; x_wconf 84' lang='lat' dir='ltr'>quo</span> 
     </span>
     <span class='ocr_line' id='line_1_29' title="bbox 155 3129 1356 3201; baseline 0 -16"><span class='ocrx_word' id='word_1_299' title='bbox 155 3133 290 3201; x_wconf 79' lang='lat' dir='ltr'>loquitur,</span> <span class='ocrx_word' id='word_1_300' title='bbox 309 3137 340 3186; x_wconf 89' lang='lat' dir='ltr'>ut</span> <span class='ocrx_word' id='word_1_301' title='bbox 357 3132 437 3184; x_wconf 85' lang='lat' dir='ltr'>miles</span> <span class='ocrx_word' id='word_1_302' title='bbox 455 3132 591 3185; x_wconf 83' lang='lat' dir='ltr'>exaudiat.</span> <span class='ocrx_word' id='word_1_303' title='bbox 623 3131 741 3184; x_wconf 83' lang='lat' dir='ltr'>Simulat</span> <span class='ocrx_word' id='word_1_304' title='bbox 769 3131 903 3198; x_wconf 85' lang='lat' dir='ltr'>scriptum</span> <span class='ocrx_word' id='word_1_305' title='bbox 924 3134 980 3196; x_wconf 87' lang='lat' dir='ltr'>est,</span> <span class='ocrx_word' id='word_1_306' title='bbox 1007 3129 1167 3198; x_wconf 80' lang='lat' dir='ltr'>Hersiliam,</span> <span class='ocrx_word' id='word_1_307' title='bbox 1196 3147 1259 3183; x_wconf 89' lang='lat' dir='ltr'>cum</span> <span class='ocrx_word' id='word_1_308' title='bbox 1281 3131 1356 3200; x_wconf 85' lang='lat' dir='ltr'>apud</span> 
     </span>
     <span class='ocr_line' id='line_1_30' title="bbox 154 3216 1356 3286; baseline -0.001 -14"><span class='ocrx_word' id='word_1_309' title='bbox 154 3221 229 3272; x_wconf 88' lang='lat' dir='ltr'>anim</span> <span class='ocrx_word' id='word_1_310' title='bbox 255 3237 284 3272; x_wconf 88' lang='lat' dir='ltr'>se</span> <span class='ocrx_word' id='word_1_311' title='bbox 305 3219 426 3285; x_wconf 89' lang='lat' dir='ltr'>nescire,</span> <span class='ocrx_word' id='word_1_312' title='bbox 459 3236 513 3286; x_wconf 92' lang='lat' dir='ltr'>quo</span> <span class='ocrx_word' id='word_1_313' title='bbox 535 3218 636 3270; x_wconf 79' lang='lat' dir='ltr'>abierIt</span> <span class='ocrx_word' id='word_1_314' title='bbox 659 3218 740 3270; x_wconf 83' lang='lat' dir='ltr'>Asta·</span> <span class='ocrx_word' id='word_1_315' title='bbox 769 3218 799 3270; x_wconf 89' lang='lat' dir='ltr'>T.</span> <span class='ocrx_word' id='word_1_316' title='bbox 831 3217 941 3270; x_wconf 87' lang='lat' dir='ltr'>Tatium</span> <span class='ocrx_word' id='word_1_317' title='bbox 971 3218 1058 3271; x_wconf 87' lang='lat' dir='ltr'>uerba</span> <span class='ocrx_word' id='word_1_318' title='bbox 1081 3216 1186 3270; x_wconf 84' lang='lat' dir='ltr'>faceret</span> <span class='ocrx_word' id='word_1_319' title='bbox 1206 3234 1356 3286; x_wconf 88' lang='lat' dir='ltr'>pacemque</span> 
     </span>
     <span class='ocr_line' id='line_1_31' title="bbox 154 3303 1355 3375; baseline 0 -16"><span class='ocrx_word' id='word_1_320' title='bbox 154 3307 259 3375; x_wconf 90' lang='lat' dir='ltr'>phium.</span> <span class='ocrx_word' id='word_1_321' title='bbox 277 3336 311 3347; x_wconf 90' lang='lat'>-</span> <span class='ocrx_word' id='word_1_322' title='bbox 343 3305 390 3357; x_wconf 80' lang='lat' dir='ltr'>aba</span> <span class='ocrx_word' id='word_1_323' title='bbox 408 3323 449 3356; x_wconf 79' lang='lat' dir='ltr'>mc</span> <span class='ocrx_word' id='word_1_324' title='bbox 469 3303 585 3366; x_wconf 78' lang='lat' dir='ltr'>abstitit,</span> <span class='ocrx_word' id='word_1_325' title='bbox 618 3320 662 3355; x_wconf 91' lang='lat' dir='ltr'>me</span> <span class='ocrx_word' id='word_1_326' title='bbox 679 3305 742 3356; x_wconf 88' lang='lat' dir='ltr'>reli·</span> <span class='ocrx_word' id='word_1_327' title='bbox 770 3308 875 3372; x_wconf 87' lang='lat' dir='ltr'>oraret,</span> <span class='ocrx_word' id='word_1_328' title='bbox 912 3305 952 3357; x_wconf 87' lang='lat' dir='ltr'>ita</span> <span class='ocrx_word' id='word_1_329' title='bbox 980 3309 1123 3373; x_wconf 85' lang='lat' dir='ltr'>precatum</span> <span class='ocrx_word' id='word_1_330' title='bbox 1154 3322 1229 3358; x_wconf 86' lang='lat' dir='ltr'>esse:</span> <span class='ocrx_word' id='word_1_331' title='bbox 1266 3304 1355 3359; x_wconf 77' lang='lat' dir='ltr'>Ners‘a</span> 
     </span>
     <span class='ocr_line' id='line_1_32' title="bbox 155 3389 1355 3462; baseline -0.002 -16"><span class='ocrx_word' id='word_1_332' title='bbox 155 3394 222 3462; x_wconf 90' lang='lat' dir='ltr'>quit.</span> <span class='ocrx_word' id='word_1_333' title='bbox 252 3393 325 3446; x_wconf 89' lang='lat' dir='ltr'>Men.</span> <span class='ocrx_word' id='word_1_334' title='bbox 343 3393 375 3460; x_wconf 87' lang='lat' dir='ltr'>V,</span> <span class='ocrx_word' id='word_1_335' title='bbox 395 3393 419 3458; x_wconf 85' lang='lat'>2,</span> <span class='ocrx_word' id='word_1_336' title='bbox 438 3395 484 3445; x_wconf 77' lang='lat'>27:</span> <span class='ocrx_word' id='word_1_337' title='bbox 509 3389 574 3460; x_wconf 77' lang='lat' dir='ltr'>quid</span> <span class='ocrx_word' id='word_1_338' title='bbox 590 3389 635 3442; x_wconf 81' lang='lat' dir='ltr'>ille</span> <span class='ocrx_word' id='word_1_339' title='bbox 653 3394 740 3442; x_wconf 65' lang='lat' dir='ltr'>numm</span> <span class='ocrx_word' id='word_1_340' title='bbox 769 3391 872 3444; x_wconf 79' lang='lat' dir='ltr'>Murts&#39;e</span> <span class='ocrx_word' id='word_1_341' title='bbox 898 3397 922 3444; x_wconf 79' lang='lat' dir='ltr'>to</span> <span class='ocrx_word' id='word_1_342' title='bbox 948 3393 1053 3444; x_wconf 78' lang='lat' dir='ltr'>obsecro</span> <span class='ocrx_word' id='word_1_343' title='bbox 1066 3409 1162 3462; x_wconf 83' lang='lat' dir='ltr'>pacem</span> <span class='ocrx_word' id='word_1_344' title='bbox 1181 3392 1246 3444; x_wconf 82' lang='lat' dir='ltr'>dara</span> <span class='ocrx_word' id='word_1_345' title='bbox 1268 3421 1299 3431; x_wconf 92' lang='lat'>-</span> <span class='ocrx_word' id='word_1_346' title='bbox 1320 3420 1355 3432; x_wconf 91' lang='lat'><em>-</em></span> 
     </span>
     <span class='ocr_line' id='line_1_33' title="bbox 154 3477 1354 3548; baseline 0.002 -15"><span class='ocrx_word' id='word_1_347' title='bbox 154 3481 202 3533; x_wconf 83' lang='lat' dir='ltr'>ebs</span> <span class='ocrx_word' id='word_1_348' title='bbox 221 3479 343 3532; x_wconf 78' lang='lat' dir='ltr'>teiratns</span> <span class='ocrx_word' id='word_1_349' title='bbox 357 3477 476 3531; x_wconf 71' lang='lat' dir='ltr'>destitit?</span> <span class='ocrx_word' id='word_1_350' title='bbox 493 3496 547 3546; x_wconf 89' lang='lat' dir='ltr'>quo</span> <span class='ocrx_word' id='word_1_351' title='bbox 560 3493 642 3530; x_wconf 82' lang='lat' dir='ltr'>uersu</span> <span class='ocrx_word' id='word_1_352' title='bbox 656 3478 740 3530; x_wconf 84' lang='lat' dir='ltr'>etiam</span> <span class='ocrx_word' id='word_1_353' title='bbox 769 3495 820 3546; x_wconf 89' lang='lat' dir='ltr'>per</span> <span class='ocrx_word' id='word_1_354' title='bbox 838 3480 912 3547; x_wconf 83' lang='lat' dir='ltr'>quod</span> <span class='ocrx_word' id='word_1_355' title='bbox 931 3484 1058 3548; x_wconf 87' lang='lat' dir='ltr'>apparet,</span> <span class='ocrx_word' id='word_1_356' title='bbox 1088 3497 1144 3534; x_wconf 88' lang='lat' dir='ltr'>non</span> <span class='ocrx_word' id='word_1_357' title='bbox 1167 3496 1227 3533; x_wconf 81' lang='lat' dir='ltr'>essa</span> <span class='ocrx_word' id='word_1_358' title='bbox 1244 3480 1274 3533; x_wconf 93' lang='lat' dir='ltr'>id</span> <span class='ocrx_word' id='word_1_359' title='bbox 1290 3497 1354 3548; x_wconf 81' lang='lat' dir='ltr'>poe·</span> 
     </span>
     <span class='ocr_line' id='line_1_34' title="bbox 153 3565 1354 3635; baseline 0.001 -15"><span class='ocrx_word' id='word_1_360' title='bbox 153 3568 224 3621; x_wconf 86' lang='lat' dir='ltr'>illud</span> <span class='ocrx_word' id='word_1_361' title='bbox 242 3566 288 3618; x_wconf 82' lang='lat' dir='ltr'>aba</span> <span class='ocrx_word' id='word_1_362' title='bbox 306 3583 357 3629; x_wconf 82' lang='lat' dir='ltr'>me,</span> <span class='ocrx_word' id='word_1_363' title='bbox 378 3567 452 3635; x_wconf 90' lang='lat' dir='ltr'>quod</span> <span class='ocrx_word' id='word_1_364' title='bbox 464 3583 548 3634; x_wconf 86' lang='lat' dir='ltr'>supra</span> <span class='ocrx_word' id='word_1_365' title='bbox 560 3565 647 3633; x_wconf 85' lang='lat' dir='ltr'>posui,</span> <span class='ocrx_word' id='word_1_366' title='bbox 667 3581 739 3618; x_wconf 90' lang='lat' dir='ltr'>com·</span> <span class='ocrx_word' id='word_1_367' title='bbox 767 3566 823 3618; x_wconf 88' lang='lat' dir='ltr'>tice</span> <span class='ocrx_word' id='word_1_368' title='bbox 840 3583 857 3619; x_wconf 89' lang='lat' dir='ltr'>a</span> <span class='ocrx_word' id='word_1_369' title='bbox 874 3566 973 3620; x_wconf 87' lang='lat' dir='ltr'>Plauto</span> <span class='ocrx_word' id='word_1_370' title='bbox 991 3567 1104 3631; x_wconf 78' lang='lat' dir='ltr'>dictum,</span> <span class='ocrx_word' id='word_1_371' title='bbox 1124 3567 1173 3621; x_wconf 86' lang='lat' dir='ltr'>sed</span> <span class='ocrx_word' id='word_1_372' title='bbox 1192 3584 1252 3620; x_wconf 88' lang='lat' dir='ltr'>eam</span> <span class='ocrx_word' id='word_1_373' title='bbox 1268 3567 1354 3621; x_wconf 86' lang='lat' dir='ltr'>tradi·</span> 
     </span>
     <span class='ocr_line' id='line_1_35' title="bbox 152 3653 1354 3724; baseline 0 -16"><span class='ocrx_word' id='word_1_374' title='bbox 152 3656 295 3724; x_wconf 87' lang='lat' dir='ltr'>probatur.</span> <span class='ocrx_word' id='word_1_375' title='bbox 770 3653 873 3707; x_wconf 89' lang='lat' dir='ltr'>tionem</span> <span class='ocrx_word' id='word_1_376' title='bbox 890 3654 985 3721; x_wconf 83' lang='lat' dir='ltr'>fuisse,</span> <span class='ocrx_word' id='word_1_377' title='bbox 1004 3658 1036 3707; x_wconf 84' lang='lat' dir='ltr'>ut</span> <span class='ocrx_word' id='word_1_378' title='bbox 1053 3654 1136 3708; x_wconf 88' lang='lat' dir='ltr'>Nerio</span> <span class='ocrx_word' id='word_1_379' title='bbox 1155 3671 1171 3706; x_wconf 87' lang='lat' dir='ltr'>a</span> <span class='ocrx_word' id='word_1_380' title='bbox 1189 3654 1354 3723; x_wconf 85' lang='lat' dir='ltr'>quibusdam</span> 
     </span>
     <span class='ocr_line' id='line_1_36' title="bbox 189 3737 1353 3809; baseline -0.001 -13"><span class='ocrx_word' id='word_1_381' title='bbox 189 3745 232 3796; x_wconf 84' lang='lat'>33.</span> <span class='ocrx_word' id='word_1_382' title='bbox 267 3739 318 3792; x_wconf 75' lang='lat' dir='ltr'>ccci</span> <span class='ocrx_word' id='word_1_383' title='bbox 329 3744 482 3809; x_wconf 66' lang='lat' dir='ltr'>emptarum</span> <span class='ocrx_word' id='word_1_384' title='bbox 503 3737 538 3794; x_wconf 85' lang='lat' dir='ltr'>cf.</span> <span class='ocrx_word' id='word_1_385' title='bbox 548 3755 622 3808; x_wconf 84' lang='lat' dir='ltr'>supr.</span> <span class='ocrx_word' id='word_1_386' title='bbox 630 3738 651 3807; x_wconf 92' lang='lat' dir='ltr'>I,</span> <span class='ocrx_word' id='word_1_387' title='bbox 662 3741 685 3805; x_wconf 83' lang='lat'>2,</span> <span class='ocrx_word' id='word_1_388' title='bbox 699 3739 740 3792; x_wconf 84' lang='lat'>15.</span> <span class='ocrx_word' id='word_1_389' title='bbox 769 3757 838 3793; x_wconf 84' lang='lat' dir='ltr'>uxor</span> <span class='ocrx_word' id='word_1_390' title='bbox 856 3758 916 3793; x_wconf 87' lang='lat' dir='ltr'>esse</span> <span class='ocrx_word' id='word_1_391' title='bbox 932 3741 1031 3794; x_wconf 85' lang='lat' dir='ltr'>Martis</span> <span class='ocrx_word' id='word_1_392' title='bbox 1049 3741 1205 3796; x_wconf 85' lang='lat' dir='ltr'>diceretur.&#39;</span> <span class='ocrx_word' id='word_1_393' title='bbox 1229 3773 1263 3784; x_wconf 91' lang='lat'>—·</span> <span class='ocrx_word' id='word_1_394' title='bbox 1297 3741 1353 3795; x_wconf 80' lang='lat' dir='ltr'>Na-</span> 
     </span>
     <span class='ocr_line' id='line_1_37' title="bbox 189 3825 1354 3899; baseline 0 -16"><span class='ocrx_word' id='word_1_395' title='bbox 189 3830 231 3883; x_wconf 79' lang='lat'>34.</span> <span class='ocrx_word' id='word_1_396' title='bbox 267 3825 411 3879; x_wconf 80' lang='lat' dir='ltr'>Nerienem</span> <span class='ocrx_word' id='word_1_397' title='bbox 460 3827 529 3881; x_wconf 84' lang='lat' dir='ltr'>Gell.</span> <span class='ocrx_word' id='word_1_398' title='bbox 553 3825 587 3879; x_wconf 91' lang='lat' dir='ltr'>N.</span> <span class='ocrx_word' id='word_1_399' title='bbox 606 3825 638 3879; x_wconf 87' lang='lat' dir='ltr'>A.</span> <span class='ocrx_word' id='word_1_400' title='bbox 665 3825 739 3893; x_wconf 83' lang='lat' dir='ltr'>XIII,</span> <span class='ocrx_word' id='word_1_401' title='bbox 768 3825 870 3878; x_wconf 69' lang='lat' dir='ltr'>rituam</span> <span class='ocrx_word' id='word_1_402' title='bbox 901 3829 1098 3894; x_wconf 83' lang='lat' dir='ltr'>paenultimam</span> <span class='ocrx_word' id='word_1_403' title='bbox 1128 3829 1242 3899; x_wconf 86' lang='lat' dir='ltr'>corripit</span> <span class='ocrx_word' id='word_1_404' title='bbox 1267 3833 1300 3882; x_wconf 92' lang='lat' dir='ltr'>ut</span> <span class='ocrx_word' id='word_1_405' title='bbox 1324 3828 1354 3883; x_wconf 80' lang='lat' dir='ltr'>Iu</span> 
     </span>
     <span class='ocr_line' id='line_1_38' title="bbox 154 3911 1354 3984; baseline 0.002 -16"><span class='ocrx_word' id='word_1_406' title='bbox 154 3918 204 3968; x_wconf 81' lang='lat'>22:</span> <span class='ocrx_word' id='word_1_407' title='bbox 243 3915 339 3981; x_wconf 86' lang='lat' dir='ltr'>‘Super</span> <span class='ocrx_word' id='word_1_408' title='bbox 357 3930 389 3965; x_wconf 85' lang='lat' dir='ltr'>ea</span> <span class='ocrx_word' id='word_1_409' title='bbox 406 3931 437 3967; x_wconf 85' lang='lat' dir='ltr'>re</span> <span class='ocrx_word' id='word_1_410' title='bbox 456 3911 550 3966; x_wconf 90' lang='lat' dir='ltr'>audiui</span> <span class='ocrx_word' id='word_1_411' title='bbox 566 3930 622 3965; x_wconf 91' lang='lat' dir='ltr'>non</span> <span class='ocrx_word' id='word_1_412' title='bbox 640 3911 740 3965; x_wconf 88' lang='lat' dir='ltr'>incele·</span> <span class='ocrx_word' id='word_1_413' title='bbox 768 3912 852 3966; x_wconf 87' lang='lat' dir='ltr'>Ennii</span> <span class='ocrx_word' id='word_1_414' title='bbox 868 3912 1032 3984; x_wconf 79' lang='lat' dir='ltr'>fragmenta,</span> <span class='ocrx_word' id='word_1_415' title='bbox 1052 3917 1125 3984; x_wconf 90' lang='lat' dir='ltr'>quod</span> <span class='ocrx_word' id='word_1_416' title='bbox 1138 3917 1207 3970; x_wconf 85' lang='lat' dir='ltr'>Gell.</span> <span class='ocrx_word' id='word_1_417' title='bbox 1220 3918 1267 3970; x_wconf 89' lang='lat'>1.1.</span> <span class='ocrx_word' id='word_1_418' title='bbox 1280 3915 1354 3970; x_wconf 81' lang='lat' dir='ltr'>infra</span> 
     </span>
     <span class='ocr_line' id='line_1_39' title="bbox 153 3999 1355 4071; baseline 0 -15"><span class='ocrx_word' id='word_1_419' title='bbox 153 4004 231 4056; x_wconf 88' lang='lat' dir='ltr'>brem</span> <span class='ocrx_word' id='word_1_420' title='bbox 249 4003 388 4056; x_wconf 86' lang='lat' dir='ltr'>hominem</span> <span class='ocrx_word' id='word_1_421' title='bbox 407 4001 510 4067; x_wconf 85' lang='lat' dir='ltr'>dicere,</span> <span class='ocrx_word' id='word_1_422' title='bbox 535 4000 616 4051; x_wconf 85' lang='lat' dir='ltr'>nimis</span> <span class='ocrx_word' id='word_1_423' title='bbox 635 3999 739 4053; x_wconf 90' lang='lat' dir='ltr'>comice</span> <span class='ocrx_word' id='word_1_424' title='bbox 768 3999 861 4053; x_wconf 81' lang='lat' dir='ltr'>affert:</span> <span class='ocrx_word' id='word_1_425' title='bbox 892 4002 964 4054; x_wconf 79' lang='lat' dir='ltr'>Nolo</span> <span class='ocrx_word' id='word_1_426' title='bbox 989 4005 1034 4071; x_wconf 72' lang='lat' dir='ltr'>c&#39;yc</span> <span class='ocrx_word' id='word_1_427' title='bbox 1054 4003 1190 4055; x_wconf 81' lang='lat' dir='ltr'>Neaeram</span> <span class='ocrx_word' id='word_1_428' title='bbox 1215 4007 1240 4056; x_wconf 71' lang='lat' dir='ltr'>ta</span> <span class='ocrx_word' id='word_1_429' title='bbox 1263 4007 1355 4056; x_wconf 79' lang='lat' dir='ltr'>noceat</span> 
     </span>
     <span class='ocr_line' id='line_1_40' title="bbox 152 4086 983 4156; baseline -0.005 -13"><span class='ocrx_word' id='word_1_430' title='bbox 152 4091 282 4143; x_wconf 87' lang='lat' dir='ltr'>Plautum</span> <span class='ocrx_word' id='word_1_431' title='bbox 301 4088 429 4156; x_wconf 89' lang='lat' dir='ltr'>imperito</span> <span class='ocrx_word' id='word_1_432' title='bbox 455 4092 482 4140; x_wconf 85' lang='lat' dir='ltr'>et</span> <span class='ocrx_word' id='word_1_433' title='bbox 499 4087 640 4141; x_wconf 89' lang='lat' dir='ltr'>incondito</span> <span class='ocrx_word' id='word_1_434' title='bbox 657 4086 741 4139; x_wconf 80' lang='lat' dir='ltr'>millti</span> <span class='ocrx_word' id='word_1_435' title='bbox 768 4088 815 4140; x_wconf 78' lang='lat' dir='ltr'>sed</span> <span class='ocrx_word' id='word_1_436' title='bbox 832 4088 983 4140; x_wconf 59' lang='lat' dir='ltr'>Nerienem.</span> 
     </span>
     <span class='ocr_line' id='line_1_41' title="bbox 153 4174 1299 4246; baseline -0.001 -16"><span class='ocrx_word' id='word_1_437' title='bbox 153 4177 251 4230; x_wconf 85' lang='lat' dir='ltr'>falsam</span> <span class='ocrx_word' id='word_1_438' title='bbox 263 4191 417 4242; x_wconf 88' lang='lat' dir='ltr'>nouamque</span> <span class='ocrx_word' id='word_1_439' title='bbox 431 4175 587 4243; x_wconf 85' lang='lat' dir='ltr'>opinionem</span> <span class='ocrx_word' id='word_1_440' title='bbox 599 4175 739 4243; x_wconf 87' lang='lat' dir='ltr'>tribuisse,</span> <span class='ocrx_word' id='word_1_441' title='bbox 805 4176 847 4228; x_wconf 88' lang='lat'>35.</span> <span class='ocrx_word' id='word_1_442' title='bbox 880 4174 1033 4244; x_wconf 63' lang='lat' dir='ltr'>prosternati</span> <span class='ocrx_word' id='word_1_443' title='bbox 1049 4175 1156 4244; x_wconf 71' lang='lat' dir='ltr'>cisup.</span> <span class='ocrx_word' id='word_1_444' title='bbox 1170 4177 1204 4246; x_wconf 93' lang='lat' dir='ltr'>II,</span> <span class='ocrx_word' id='word_1_445' title='bbox 1219 4181 1242 4246; x_wconf 90' lang='grc'><em>4,</em></span> <span class='ocrx_word' id='word_1_446' title='bbox 1258 4182 1299 4233; x_wconf 88' lang='grc'>33.</span> 
     </span>
     <span class='ocr_line' id='line_1_42' title="bbox 153 4262 1349 4335; baseline 0.002 -17"><span class='ocrx_word' id='word_1_447' title='bbox 153 4269 186 4318; x_wconf 89' lang='lat' dir='ltr'>ut</span> <span class='ocrx_word' id='word_1_448' title='bbox 208 4264 355 4318; x_wconf 86' lang='lat' dir='ltr'>Nerienem</span> <span class='ocrx_word' id='word_1_449' title='bbox 384 4263 529 4332; x_wconf 79' lang='lat' dir='ltr'>coniugem</span> <span class='ocrx_word' id='word_1_450' title='bbox 560 4280 618 4316; x_wconf 86' lang='lat' dir='ltr'>esse</span> <span class='ocrx_word' id='word_1_451' title='bbox 641 4262 740 4315; x_wconf 84' lang='lat' dir='ltr'>Martis</span> <span class='ocrx_word' id='word_1_452' title='bbox 806 4264 847 4316; x_wconf 83' lang='grc'>36.</span> <span class='ocrx_word' id='word_1_453' title='bbox 888 4264 974 4323; x_wconf 83' lang='lat' dir='ltr'>Quom</span> <span class='ocrx_word' id='word_1_454' title='bbox 993 4293 1026 4302; x_wconf 89' lang='lat'>—</span> <span class='ocrx_word' id='word_1_455' title='bbox 1041 4263 1206 4332; x_wconf 73' lang='lat' dir='ltr'>praeconiati,</span> <span class='ocrx_word' id='word_1_456' title='bbox 1238 4265 1349 4335; x_wconf 63' lang='lat' dir='ltr'>caudeo,</span> 
     </span>
    </p>
   </div>
   <div class='ocr_carea' id='block_1_6' title="bbox 0 0 1482 4852">
    <p class='ocr_par' dir='ltr' id='par_1_6' title="bbox 0 0 1482 4852">
     <span class='ocr_line' id='line_1_43' title="bbox 0 0 1482 4852; baseline 0 2"><span class='ocrx_word' id='word_1_457' title='bbox 0 0 1482 4852; x_wconf 95' lang='lat' dir='ltr'> </span> 
     </span>
    </p>
   </div>
  </div>
 </body>
</html>
