<?xml version="1.0" encoding="UTF-8"?>
<!DOCTYPE html PUBLIC "-//W3C//DTD XHTML 1.0 Transitional//EN"
    "http://www.w3.org/TR/xhtml1/DTD/xhtml1-transitional.dtd">
<html xmlns="http://www.w3.org/1999/xhtml" xml:lang="en" lang="en">
 <head>
  <title>
</title>
<meta http-equiv="Content-Type" content="text/html;charset=utf-8" />
  <meta name='ocr-system' content='tesseract 3.04.00' />
  <meta name='ocr-capabilities' content='ocr_page ocr_carea ocr_par ocr_line ocrx_word'/>
</head>
<body>
  <div class='ocr_page' id='page_1' title='image "./truculentuscuma00plaugoog_0134.png"; bbox 0 0 2956 4852; ppageno 0'>
   <div class='ocr_carea' id='block_1_1' title="bbox 169 314 1378 397">
    <p class='ocr_par' dir='ltr' id='par_1_1' title="bbox 169 314 1378 397">
     <span class='ocr_line' id='line_1_1' title="bbox 169 314 1378 397; baseline 0.006 -20"><span class='ocrx_word' id='word_1_1' title='bbox 169 315 229 377; x_wconf 80' lang='lat' dir='ltr'>lld</span> <span class='ocrx_word' id='word_1_2' title='bbox 672 350 676 369; x_wconf 74' lang='grc' dir='ltr'>ι</span> <span class='ocrx_word' id='word_1_3' title='bbox 703 334 810 376; x_wconf 79' lang='lat' dir='ltr'>mvn</span> <span class='ocrx_word' id='word_1_4' title='bbox 1100 314 1155 397; x_wconf 76' lang='grc' dir='ltr'>Ν,</span> <span class='ocrx_word' id='word_1_5' title='bbox 1177 319 1207 397; x_wconf 77' lang='grc'>3,</span> <span class='ocrx_word' id='word_1_6' title='bbox 1229 318 1378 384; x_wconf 71' lang='grc' dir='ltr'><strong>53-6θὲ</strong></span> 
     </span>
    </p>
   </div>
   <div class='ocr_carea' id='block_1_2' title="bbox 115 496 1374 1594">
    <p class='ocr_par' dir='ltr' id='par_1_2' title="bbox 243 496 1265 685">
     <span class='ocr_line' id='line_1_2' title="bbox 243 496 1247 584; baseline -0.002 -20"><span class='ocrx_word' id='word_1_7' title='bbox 243 496 359 564; x_wconf 70' lang='lat' dir='ltr'>Ginne</span> <span class='ocrx_word' id='word_1_8' title='bbox 380 504 417 564; x_wconf 77' lang='lat' dir='ltr'>ut</span> <span class='ocrx_word' id='word_1_9' title='bbox 439 503 476 562; x_wconf 77' lang='lat' dir='ltr'>tu</span> <span class='ocrx_word' id='word_1_10' title='bbox 498 499 583 563; x_wconf 84' lang='lat' dir='ltr'>istnc</span> <span class='ocrx_word' id='word_1_11' title='bbox 602 498 793 582; x_wconf 75' lang='lat' dir='ltr'><strong>insipienter</strong></span> <span class='ocrx_word' id='word_1_12' title='bbox 813 499 936 564; x_wconf 78' lang='lat' dir='ltr'>fictum</span> <span class='ocrx_word' id='word_1_13' title='bbox 957 500 1120 584; x_wconf 73' lang='lat' dir='ltr'>sapienter</span> <span class='ocrx_word' id='word_1_14' title='bbox 1139 498 1247 567; x_wconf 68' lang='lat' dir='ltr'>ierne</span> 
     </span>
     <span class='ocr_line' id='line_1_3' title="bbox 246 598 1265 685; baseline -0.003 -20"><span class='ocrx_word' id='word_1_15' title='bbox 246 600 391 685; x_wconf 80' lang='lat' dir='ltr'>Mihique</span> <span class='ocrx_word' id='word_1_16' title='bbox 410 601 566 683; x_wconf 76' lang='lat' dir='ltr'>ignoscas,</span> <span class='ocrx_word' id='word_1_17' title='bbox 590 601 676 683; x_wconf 79' lang='lat' dir='ltr'>qudd</span> <span class='ocrx_word' id='word_1_18' title='bbox 698 601 797 664; x_wconf 77' lang='lat' dir='ltr'>animi</span> <span class='ocrx_word' id='word_1_19' title='bbox 818 603 911 684; x_wconf 86' lang='lat' dir='ltr'>inpos</span> <span class='ocrx_word' id='word_1_20' title='bbox 932 602 1002 665; x_wconf 88' lang='lat' dir='ltr'>uini</span> <span class='ocrx_word' id='word_1_21' title='bbox 1023 603 1102 667; x_wconf 79' lang='lat' dir='ltr'>uitio</span> <span class='ocrx_word' id='word_1_22' title='bbox 1122 598 1265 663; x_wconf 72' lang='lat' dir='ltr'>fecerim.</span> 
     </span>
    </p>

    <p class='ocr_par' dir='ltr' id='par_1_3' title="bbox 116 699 1374 1192">
     <span class='ocr_line' id='line_1_4' title="bbox 116 699 1337 786; baseline 0.003 -25"><span class='ocrx_word' id='word_1_23' title='bbox 116 709 150 761; x_wconf 86' lang='grc'>55</span> <span class='ocrx_word' id='word_1_24' title='bbox 168 699 224 765; x_wconf 68' lang='lat' dir='ltr'>On„</span> <span class='ocrx_word' id='word_1_25' title='bbox 248 701 321 766; x_wconf 72' lang='lat' dir='ltr'>Nun</span> <span class='ocrx_word' id='word_1_26' title='bbox 342 702 464 786; x_wconf 82' lang='lat' dir='ltr'>placet:</span> <span class='ocrx_word' id='word_1_27' title='bbox 488 702 520 765; x_wconf 91' lang='lat' dir='ltr'>in</span> <span class='ocrx_word' id='word_1_28' title='bbox 545 702 669 765; x_wconf 73' lang='lat' dir='ltr'>millum</span> <span class='ocrx_word' id='word_1_29' title='bbox 692 703 819 785; x_wconf 79' lang='lat' dir='ltr'>eulpam</span> <span class='ocrx_word' id='word_1_30' title='bbox 842 702 976 775; x_wconf 80' lang='lat' dir='ltr'>cdniers,</span> <span class='ocrx_word' id='word_1_31' title='bbox 1000 700 1069 783; x_wconf 83' lang='lat' dir='ltr'>[qui</span> <span class='ocrx_word' id='word_1_32' title='bbox 1089 701 1212 785; x_wconf 78' lang='lat' dir='ltr'>ne]quii</span> <span class='ocrx_word' id='word_1_33' title='bbox 1233 701 1337 783; x_wconf 89' lang='lat' dir='ltr'>loqui.</span> 
     </span>
     <span class='ocr_line' id='line_1_5' title="bbox 245 799 1085 887; baseline -0.005 -19"><span class='ocrx_word' id='word_1_34' title='bbox 245 802 327 868; x_wconf 73' lang='lat' dir='ltr'>Nism</span> <span class='ocrx_word' id='word_1_35' title='bbox 349 805 461 867; x_wconf 90' lang='lat' dir='ltr'>uinum</span> <span class='ocrx_word' id='word_1_36' title='bbox 484 803 511 865; x_wconf 87' lang='lat' dir='ltr'>si</span> <span class='ocrx_word' id='word_1_37' title='bbox 532 801 671 867; x_wconf 75' lang='lat' dir='ltr'>iibuleri</span> <span class='ocrx_word' id='word_1_38' title='bbox 693 803 810 887; x_wconf 75' lang='lat' dir='ltr'>pessos,</span> <span class='ocrx_word' id='word_1_39' title='bbox 833 820 867 865; x_wconf 86' lang='lat' dir='ltr'>se</span> <span class='ocrx_word' id='word_1_40' title='bbox 889 799 1085 864; x_wconf 57' lang='lat' dir='ltr'>defenderes</span> 
     </span>
     <span class='ocr_line' id='line_1_6' title="bbox 246 901 1374 988; baseline 0.002 -21"><span class='ocrx_word' id='word_1_41' title='bbox 246 903 318 969; x_wconf 79' lang='lat' dir='ltr'>Ndn</span> <span class='ocrx_word' id='word_1_42' title='bbox 341 905 454 969; x_wconf 90' lang='lat' dir='ltr'>uinum</span> <span class='ocrx_word' id='word_1_43' title='bbox 477 903 678 988; x_wconf 64' lang='lat' dir='ltr'>[hominium]</span> <span class='ocrx_word' id='word_1_44' title='bbox 701 901 861 966; x_wconf 75' lang='lat' dir='ltr'>moderari</span> <span class='ocrx_word' id='word_1_45' title='bbox 884 901 940 966; x_wconf 72' lang='lat' dir='ltr'>sed</span> <span class='ocrx_word' id='word_1_46' title='bbox 962 902 1127 988; x_wconf 76' lang='lat' dir='ltr'>[domines]</span> <span class='ocrx_word' id='word_1_47' title='bbox 1152 903 1230 969; x_wconf 81' lang='lat' dir='ltr'>uind</span> <span class='ocrx_word' id='word_1_48' title='bbox 1253 904 1374 985; x_wconf 76' lang='lat' dir='ltr'>solent,</span> 
     </span>
     <span class='ocr_line' id='line_1_7' title="bbox 244 1003 1374 1089; baseline 0.003 -20"><span class='ocrx_word' id='word_1_49' title='bbox 244 1006 306 1085; x_wconf 83' lang='lat' dir='ltr'>Qui</span> <span class='ocrx_word' id='word_1_50' title='bbox 328 1007 456 1089; x_wconf 90' lang='lat' dir='ltr'>quidem</span> <span class='ocrx_word' id='word_1_51' title='bbox 479 1005 571 1089; x_wconf 86' lang='lat' dir='ltr'>probi</span> <span class='ocrx_word' id='word_1_52' title='bbox 594 1013 686 1071; x_wconf 82' lang='lat' dir='ltr'>sunt:</span> <span class='ocrx_word' id='word_1_53' title='bbox 712 1025 824 1069; x_wconf 80' lang='lat' dir='ltr'>uerum</span> <span class='ocrx_word' id='word_1_54' title='bbox 840 1005 894 1087; x_wconf 89' lang='lat' dir='ltr'>qni</span> <span class='ocrx_word' id='word_1_55' title='bbox 909 1003 1086 1087; x_wconf 67' lang='lat' dir='ltr'>inprobum,</span> <span class='ocrx_word' id='word_1_56' title='bbox 1110 1006 1136 1069; x_wconf 90' lang='lat' dir='ltr'>si</span> <span class='ocrx_word' id='word_1_57' title='bbox 1153 1009 1255 1071; x_wconf 74' lang='lat' dir='ltr'>erneis</span> <span class='ocrx_word' id='word_1_58' title='bbox 1275 1004 1374 1089; x_wconf 78' lang='lat' dir='ltr'>bibit,</span> 
     </span>
     <span class='ocr_line' id='line_1_8' title="bbox 245 1106 1231 1192; baseline 0.001 -20"><span class='ocrx_word' id='word_1_59' title='bbox 245 1106 320 1172; x_wconf 89' lang='lat' dir='ltr'>Siue</span> <span class='ocrx_word' id='word_1_60' title='bbox 343 1108 424 1172; x_wconf 80' lang='lat' dir='ltr'>adeo</span> <span class='ocrx_word' id='word_1_61' title='bbox 447 1107 537 1171; x_wconf 76' lang='lat' dir='ltr'>cerel</span> <span class='ocrx_word' id='word_1_62' title='bbox 557 1115 685 1181; x_wconf 80' lang='lat' dir='ltr'>temeto,</span> <span class='ocrx_word' id='word_1_63' title='bbox 708 1107 816 1170; x_wconf 72' lang='lat' dir='ltr'>taimen</span> <span class='ocrx_word' id='word_1_64' title='bbox 839 1108 879 1169; x_wconf 86' lang='lat' dir='ltr'>ab</span> <span class='ocrx_word' id='word_1_65' title='bbox 902 1107 1029 1188; x_wconf 80' lang='lat' dir='ltr'>ingenio</span> <span class='ocrx_word' id='word_1_66' title='bbox 1053 1108 1231 1192; x_wconf 85' lang='lat' dir='ltr'>inprobust.</span> 
     </span>
    </p>

    <p class='ocr_par' dir='ltr' id='par_1_4' title="bbox 115 1207 1345 1394">
     <span class='ocr_line' id='line_1_9' title="bbox 115 1207 1345 1293; baseline 0 -17"><span class='ocrx_word' id='word_1_67' title='bbox 115 1223 150 1276; x_wconf 78' lang='lat'>60</span> <span class='ocrx_word' id='word_1_68' title='bbox 168 1208 219 1272; x_wconf 91' lang='lat' dir='ltr'>Di.</span> <span class='ocrx_word' id='word_1_69' title='bbox 248 1208 320 1274; x_wconf 88' lang='lat' dir='ltr'>Seio</span> <span class='ocrx_word' id='word_1_70' title='bbox 341 1210 499 1293; x_wconf 84' lang='lat' dir='ltr'>equidem,</span> <span class='ocrx_word' id='word_1_71' title='bbox 522 1230 604 1291; x_wconf 89' lang='lat' dir='ltr'>quae</span> <span class='ocrx_word' id='word_1_72' title='bbox 626 1209 701 1272; x_wconf 73' lang='lat' dir='ltr'>nilo</span> <span class='ocrx_word' id='word_1_73' title='bbox 724 1209 826 1272; x_wconf 80' lang='lat' dir='ltr'>multe</span> <span class='ocrx_word' id='word_1_74' title='bbox 848 1207 926 1271; x_wconf 91' lang='lat' dir='ltr'>mihi</span> <span class='ocrx_word' id='word_1_75' title='bbox 949 1209 1108 1272; x_wconf 77' lang='lat' dir='ltr'>audienda</span> <span class='ocrx_word' id='word_1_76' title='bbox 1130 1209 1169 1273; x_wconf 93' lang='lat' dir='ltr'>ob</span> <span class='ocrx_word' id='word_1_77' title='bbox 1192 1207 1345 1276; x_wconf 82' lang='lat' dir='ltr'>n6xiem:</span> 
     </span>
     <span class='ocr_line' id='line_1_10' title="bbox 242 1305 1324 1394; baseline 0.001 -21"><span class='ocrx_word' id='word_1_78' title='bbox 242 1305 320 1393; x_wconf 84' lang='lat' dir='ltr'>‘Ego</span> <span class='ocrx_word' id='word_1_79' title='bbox 342 1310 401 1374; x_wconf 90' lang='lat' dir='ltr'>tibi</span> <span class='ocrx_word' id='word_1_80' title='bbox 424 1331 474 1374; x_wconf 91' lang='lat' dir='ltr'>me</span> <span class='ocrx_word' id='word_1_81' title='bbox 497 1310 669 1374; x_wconf 77' lang='lat' dir='ltr'>obndxium</span> <span class='ocrx_word' id='word_1_82' title='bbox 693 1331 760 1373; x_wconf 89' lang='lat' dir='ltr'>esse</span> <span class='ocrx_word' id='word_1_83' title='bbox 778 1308 886 1373; x_wconf 58' lang='lat' dir='ltr'>‘fiteor</span> <span class='ocrx_word' id='word_1_84' title='bbox 907 1310 1021 1393; x_wconf 85' lang='lat' dir='ltr'>eulpae</span> <span class='ocrx_word' id='word_1_85' title='bbox 1042 1311 1245 1394; x_wconf 67' lang='lat' dir='ltr'>edmpetem.⁴</span> <span class='ocrx_word' id='word_1_86' title='bbox 1293 1325 1324 1361; x_wconf 73' lang='grc'>’-</span> 
     </span>
    </p>

    <p class='ocr_par' dir='ltr' id='par_1_5' title="bbox 166 1411 1183 1494">
     <span class='ocr_line' id='line_1_11' title="bbox 166 1411 1183 1494; baseline 0 -19"><span class='ocrx_word' id='word_1_87' title='bbox 166 1412 204 1476; x_wconf 91' lang='grc' dir='ltr'>Α.</span> <span class='ocrx_word' id='word_1_88' title='bbox 248 1411 399 1477; x_wconf 70' lang='lat' dir='ltr'>Cillieles</span> <span class='ocrx_word' id='word_1_89' title='bbox 418 1413 493 1476; x_wconf 84' lang='lat' dir='ltr'>uide</span> <span class='ocrx_word' id='word_1_90' title='bbox 515 1413 634 1494; x_wconf 74' lang='lat' dir='ltr'>quaeso</span> <span class='ocrx_word' id='word_1_91' title='bbox 656 1412 813 1491; x_wconf 76' lang='lat' dir='ltr'>insignem</span> <span class='ocrx_word' id='word_1_92' title='bbox 837 1411 878 1476; x_wconf 74' lang='lat' dir='ltr'>ns</span> <span class='ocrx_word' id='word_1_93' title='bbox 901 1411 1001 1476; x_wconf 80' lang='lat' dir='ltr'>iacias</span> <span class='ocrx_word' id='word_1_94' title='bbox 1023 1413 1183 1477; x_wconf 81' lang='lat' dir='ltr'>inidrinm.</span> 
     </span>
    </p>

    <p class='ocr_par' dir='ltr' id='par_1_6' title="bbox 244 1512 1157 1594">
     <span class='ocr_line' id='line_1_12' title="bbox 244 1512 1157 1594; baseline 0 -16"><span class='ocrx_word' id='word_1_95' title='bbox 244 1512 330 1578; x_wconf 75' lang='lat' dir='ltr'>Reus</span> <span class='ocrx_word' id='word_1_96' title='bbox 352 1514 476 1578; x_wconf 88' lang='lat' dir='ltr'>solutus</span> <span class='ocrx_word' id='word_1_97' title='bbox 497 1514 627 1577; x_wconf 78' lang='lat' dir='ltr'>enisam</span> <span class='ocrx_word' id='word_1_98' title='bbox 651 1514 738 1594; x_wconf 87' lang='lat' dir='ltr'>dicit,</span> <span class='ocrx_word' id='word_1_99' title='bbox 761 1513 853 1578; x_wconf 70' lang='lat' dir='ltr'>testis</span> <span class='ocrx_word' id='word_1_100' title='bbox 874 1515 999 1578; x_wconf 81' lang='lat' dir='ltr'>uinctos</span> <span class='ocrx_word' id='word_1_101' title='bbox 1021 1513 1157 1579; x_wconf 75' lang='lat' dir='ltr'>idtines.</span> 
     </span>
    </p>
   </div>
   <div class='ocr_carea' id='block_1_3' title="bbox 68 1683 1374 2016">
    <p class='ocr_par' dir='ltr' id='par_1_7' title="bbox 68 1683 1374 2016">
     <span class='ocr_line' id='line_1_13' title="bbox 167 1683 1373 1754; baseline 0.001 -16"><span class='ocrx_word' id='word_1_102' title='bbox 167 1689 209 1740; x_wconf 84' lang='grc'>53.</span> <span class='ocrx_word' id='word_1_103' title='bbox 248 1683 326 1738; x_wconf 87' lang='lat' dir='ltr'>Genu</span> <span class='ocrx_word' id='word_1_104' title='bbox 345 1687 393 1738; x_wconf 75' lang='lat' dir='ltr'>eut</span> <span class='ocrx_word' id='word_1_105' title='bbox 410 1684 451 1753; x_wconf 88' lang='lat' dir='ltr'>B,</span> <span class='ocrx_word' id='word_1_106' title='bbox 482 1701 572 1754; x_wconf 78' lang='lat' dir='ltr'>genus</span> <span class='ocrx_word' id='word_1_107' title='bbox 590 1686 628 1738; x_wconf 78' lang='lat' dir='ltr'>Vt</span> <span class='ocrx_word' id='word_1_108' title='bbox 650 1684 703 1738; x_wconf 83' lang='lat' dir='ltr'>OD</span> <span class='ocrx_word' id='word_1_109' title='bbox 735 1715 761 1725; x_wconf 91' lang='lat'>-</span> <span class='ocrx_word' id='word_1_110' title='bbox 796 1689 827 1737; x_wconf 75' lang='lat' dir='ltr'>iu</span> <span class='ocrx_word' id='word_1_111' title='bbox 850 1702 910 1753; x_wconf 79' lang='lat' dir='ltr'>nup.</span> <span class='ocrx_word' id='word_1_112' title='bbox 937 1684 984 1736; x_wconf 85' lang='lat' dir='ltr'>lin.</span> <span class='ocrx_word' id='word_1_113' title='bbox 1011 1686 1072 1740; x_wconf 81' lang='lat' dir='ltr'>add.</span> <span class='ocrx_word' id='word_1_114' title='bbox 1094 1686 1140 1737; x_wconf 82' lang='lat' dir='ltr'>Be</span> <span class='ocrx_word' id='word_1_115' title='bbox 1172 1713 1205 1723; x_wconf 88' lang='lat'>-</span> <span class='ocrx_word' id='word_1_116' title='bbox 1234 1685 1373 1754; x_wconf 88' lang='lat' dir='ltr'>insipien·</span> 
     </span>
     <span class='ocr_line' id='line_1_14' title="bbox 165 1770 1371 1840; baseline -0.002 -16"><span class='ocrx_word' id='word_1_117' title='bbox 165 1776 209 1824; x_wconf 80' lang='lat' dir='ltr'>ter</span> <span class='ocrx_word' id='word_1_118' title='bbox 231 1771 298 1840; x_wconf 79' lang='lat'><strong><em>01),</em></strong></span> <span class='ocrx_word' id='word_1_119' title='bbox 327 1770 492 1840; x_wconf 82' lang='lat' dir='ltr'>insipienter</span> <span class='ocrx_word' id='word_1_120' title='bbox 516 1772 649 1840; x_wconf 82' lang='lat' dir='ltr'>sipienier</span> <span class='ocrx_word' id='word_1_121' title='bbox 669 1773 705 1824; x_wconf 90' lang='lat' dir='ltr'>B.</span> <span class='ocrx_word' id='word_1_122' title='bbox 737 1804 770 1813; x_wconf 91' lang='lat'>—</span> <span class='ocrx_word' id='word_1_123' title='bbox 807 1773 850 1824; x_wconf 83' lang='lat'>54.</span> <span class='ocrx_word' id='word_1_124' title='bbox 880 1773 989 1840; x_wconf 84' lang='lat' dir='ltr'>inposui</span> <span class='ocrx_word' id='word_1_125' title='bbox 1012 1773 1111 1825; x_wconf 80' lang='lat' dir='ltr'>niuilio</span> <span class='ocrx_word' id='word_1_126' title='bbox 1135 1772 1224 1824; x_wconf 85' lang='lat' dir='ltr'><em>BCD.</em></span> <span class='ocrx_word' id='word_1_127' title='bbox 1260 1803 1284 1811; x_wconf 92' lang='lat'>-</span> <span class='ocrx_word' id='word_1_128' title='bbox 1328 1774 1371 1826; x_wconf 88' lang='grc'>55,</span> 
     </span>
     <span class='ocr_line' id='line_1_15' title="bbox 68 1843 1374 1930; baseline 0.002 -20"><span class='ocrx_word' id='word_1_129' title='bbox 68 1843 74 1871; x_wconf 79' lang='lat'><strong><em>¹</em></strong></span> <span class='ocrx_word' id='word_1_130' title='bbox 166 1857 243 1911; x_wconf 83' lang='lat' dir='ltr'>Pers.</span> <span class='ocrx_word' id='word_1_131' title='bbox 271 1864 325 1911; x_wconf 80' lang='lat' dir='ltr'>not.</span> <span class='ocrx_word' id='word_1_132' title='bbox 355 1859 400 1922; x_wconf 88' lang='lat' dir='ltr'>B,</span> <span class='ocrx_word' id='word_1_133' title='bbox 431 1862 501 1928; x_wconf 76' lang='lat' dir='ltr'>spat.</span> <span class='ocrx_word' id='word_1_134' title='bbox 528 1857 579 1912; x_wconf 79' lang='lat' dir='ltr'>OD</span> <span class='ocrx_word' id='word_1_135' title='bbox 612 1888 642 1897; x_wconf 90' lang='lat'>-—</span> <span class='ocrx_word' id='word_1_136' title='bbox 674 1859 784 1929; x_wconf 85' lang='lat' dir='ltr'>culpem</span> <span class='ocrx_word' id='word_1_137' title='bbox 811 1858 919 1912; x_wconf 83' lang='lat' dir='ltr'>confers</span> <span class='ocrx_word' id='word_1_138' title='bbox 948 1862 1040 1916; x_wconf 75' lang='lat' dir='ltr'>Cam:</span> <span class='ocrx_word' id='word_1_139' title='bbox 1075 1860 1121 1913; x_wconf 86' lang='lat' dir='ltr'>eui</span> <span class='ocrx_word' id='word_1_140' title='bbox 1148 1866 1182 1929; x_wconf 69' lang='lat' dir='ltr'>pi</span> <span class='ocrx_word' id='word_1_141' title='bbox 1212 1858 1309 1917; x_wconf 82' lang='lat' dir='ltr'>confer</span> <span class='ocrx_word' id='word_1_142' title='bbox 1337 1863 1374 1930; x_wconf 83' lang='grc' dir='ltr'>Β,</span> 
     </span>
     <span class='ocr_line' id='line_1_16' title="bbox 167 1944 1371 2016; baseline 0 -16"><span class='ocrx_word' id='word_1_143' title='bbox 167 1945 309 2015; x_wconf 79' lang='lat' dir='ltr'>quippiam</span> <span class='ocrx_word' id='word_1_144' title='bbox 341 1945 436 2001; x_wconf 86' lang='lat' dir='ltr'>confer</span> <span class='ocrx_word' id='word_1_145' title='bbox 466 1945 505 2013; x_wconf 70' lang='grc' dir='ltr'>(Ι,</span> <span class='ocrx_word' id='word_1_146' title='bbox 550 1944 663 2014; x_wconf 72' lang='lat' dir='ltr'>quippie</span> <span class='ocrx_word' id='word_1_147' title='bbox 700 1944 794 1999; x_wconf 83' lang='lat' dir='ltr'>confer</span> <span class='ocrx_word' id='word_1_148' title='bbox 825 1945 857 1998; x_wconf 92' lang='lat' dir='ltr'><em>D</em></span> <span class='ocrx_word' id='word_1_149' title='bbox 893 1976 924 1984; x_wconf 95' lang='lat'><em>-</em></span> <span class='ocrx_word' id='word_1_150' title='bbox 961 1947 1035 2014; x_wconf 91' lang='lat' dir='ltr'>quod</span> <span class='ocrx_word' id='word_1_151' title='bbox 1068 1947 1166 2014; x_wconf 77' lang='lat' dir='ltr'>nequit</span> <span class='ocrx_word' id='word_1_152' title='bbox 1195 1945 1269 2000; x_wconf 68' lang='lat' dir='ltr'>Cane.</span> <span class='ocrx_word' id='word_1_153' title='bbox 1309 1947 1371 2016; x_wconf 91' lang='lat' dir='ltr'>(qui</span> 
     </span>
    </p>
   </div>
   <div class='ocr_carea' id='block_1_4' title="bbox 166 2047 1373 3000">
    <p class='ocr_par' dir='ltr' id='par_1_8' title="bbox 166 2047 1373 3000">
     <span class='ocr_line' id='line_1_17' title="bbox 169 2047 1372 2158; baseline 0.004 -17"><span class='ocrx_word' id='word_1_154' title='bbox 169 2089 291 2158; x_wconf 73' lang='lat' dir='ltr'>Spenq.).·</span> <span class='ocrx_word' id='word_1_155' title='bbox 323 2087 389 2156; x_wconf 91' lang='lat' dir='ltr'>quid</span> <span class='ocrx_word' id='word_1_156' title='bbox 411 2086 453 2156; x_wconf 88' lang='lat' dir='ltr'>B,</span> <span class='ocrx_word' id='word_1_157' title='bbox 485 2047 559 2158; x_wconf 66' lang='lat' dir='ltr'>quid</span> <span class='ocrx_word' id='word_1_158' title='bbox 581 2075 634 2154; x_wconf 73' lang='lat' dir='ltr'>Cu,</span> <span class='ocrx_word' id='word_1_159' title='bbox 664 2088 738 2157; x_wconf 86' lang='lat' dir='ltr'>qued</span> <span class='ocrx_word' id='word_1_160' title='bbox 755 2087 787 2140; x_wconf 93' lang='lat' dir='ltr'><em>D</em></span> <span class='ocrx_word' id='word_1_161' title='bbox 817 2116 850 2126; x_wconf 94' lang='grc'><strong>-</strong></span> <span class='ocrx_word' id='word_1_162' title='bbox 881 2089 957 2158; x_wconf 87' lang='lat' dir='ltr'>loqui</span> <span class='ocrx_word' id='word_1_163' title='bbox 979 2090 1040 2142; x_wconf 84' lang='lat' dir='ltr'>add.</span> <span class='ocrx_word' id='word_1_164' title='bbox 1061 2089 1118 2143; x_wconf 84' lang='lat' dir='ltr'>Db.</span> <span class='ocrx_word' id='word_1_165' title='bbox 1147 2119 1182 2129; x_wconf 91' lang='lat'>-</span> <span class='ocrx_word' id='word_1_166' title='bbox 1218 2093 1260 2146; x_wconf 82' lang='lat'>56.</span> <span class='ocrx_word' id='word_1_167' title='bbox 1291 2091 1372 2146; x_wconf 78' lang='lat' dir='ltr'>fabu-</span> 
     </span>
     <span class='ocr_line' id='line_1_18' title="bbox 166 2175 1371 2247; baseline 0.002 -18"><span class='ocrx_word' id='word_1_168' title='bbox 166 2177 219 2229; x_wconf 83' lang='lat' dir='ltr'>leri</span> <span class='ocrx_word' id='word_1_169' title='bbox 236 2180 330 2245; x_wconf 72' lang='lat' dir='ltr'>posset</span> <span class='ocrx_word' id='word_1_170' title='bbox 351 2175 446 2229; x_wconf 65' lang='lat' dir='ltr'>oum:</span> <span class='ocrx_word' id='word_1_171' title='bbox 480 2175 607 2229; x_wconf 73' lang='lat' dir='ltr'>fabulare</span> <span class='ocrx_word' id='word_1_172' title='bbox 624 2175 712 2246; x_wconf 83' lang='lat' dir='ltr'>possit</span> <span class='ocrx_word' id='word_1_173' title='bbox 732 2176 771 2243; x_wconf 84' lang='lat' dir='ltr'>B,</span> <span class='ocrx_word' id='word_1_174' title='bbox 794 2175 961 2232; x_wconf 82' lang='lat' dir='ltr'>Fabulsrem</span> <span class='ocrx_word' id='word_1_175' title='bbox 979 2179 1068 2246; x_wconf 82' lang='lat' dir='ltr'>pessit</span> <span class='ocrx_word' id='word_1_176' title='bbox 1089 2176 1141 2230; x_wconf 83' lang='lat' dir='ltr'>OD</span> <span class='ocrx_word' id='word_1_177' title='bbox 1158 2176 1214 2229; x_wconf 78' lang='lat' dir='ltr'>nisi</span> <span class='ocrx_word' id='word_1_178' title='bbox 1229 2178 1300 2247; x_wconf 82' lang='lat' dir='ltr'>quod</span> <span class='ocrx_word' id='word_1_179' title='bbox 1317 2177 1371 2231; x_wconf 83' lang='lat' dir='ltr'>Fe-</span> 
     </span>
     <span class='ocr_line' id='line_1_19' title="bbox 167 2260 1372 2333; baseline -0.002 -16"><span class='ocrx_word' id='word_1_180' title='bbox 167 2263 265 2317; x_wconf 69' lang='lat' dir='ltr'>bulere</span> <span class='ocrx_word' id='word_1_181' title='bbox 283 2262 315 2315; x_wconf 93' lang='lat' dir='ltr'><em>D</em></span> <span class='ocrx_word' id='word_1_182' title='bbox 333 2293 368 2303; x_wconf 92' lang='lat'>-</span> <span class='ocrx_word' id='word_1_183' title='bbox 387 2260 550 2316; x_wconf 78' lang='lat' dir='ltr'>defenderet</span> <span class='ocrx_word' id='word_1_184' title='bbox 569 2264 600 2330; x_wconf 84' lang='lat' dir='ltr'>Z,</span> <span class='ocrx_word' id='word_1_185' title='bbox 619 2262 798 2317; x_wconf 83' lang='lat' dir='ltr'>defenderem</span> <span class='ocrx_word' id='word_1_186' title='bbox 816 2261 909 2315; x_wconf 77' lang='lat' dir='ltr'><em>BOD.</em></span> <span class='ocrx_word' id='word_1_187' title='bbox 938 2293 964 2303; x_wconf 90' lang='lat'>-</span> <span class='ocrx_word' id='word_1_188' title='bbox 1005 2267 1047 2317; x_wconf 85' lang='grc'>57.</span> <span class='ocrx_word' id='word_1_189' title='bbox 1087 2262 1168 2315; x_wconf 66' lang='lat' dir='ltr'>Vnum</span> <span class='ocrx_word' id='word_1_190' title='bbox 1187 2263 1290 2315; x_wconf 64' lang='lat' dir='ltr'>laterae</span> <span class='ocrx_word' id='word_1_191' title='bbox 1307 2280 1372 2333; x_wconf 78' lang='lat' dir='ltr'>spa·</span> 
     </span>
     <span class='ocr_line' id='line_1_20' title="bbox 166 2348 1372 2417; baseline 0.002 -16"><span class='ocrx_word' id='word_1_192' title='bbox 166 2350 233 2402; x_wconf 71' lang='lat' dir='ltr'>tium</span> <span class='ocrx_word' id='word_1_193' title='bbox 251 2349 285 2401; x_wconf 87' lang='lat' dir='ltr'>ab</span> <span class='ocrx_word' id='word_1_194' title='bbox 303 2348 380 2400; x_wconf 73' lang='lat' dir='ltr'>initio</span> <span class='ocrx_word' id='word_1_195' title='bbox 397 2348 429 2401; x_wconf 92' lang='lat' dir='ltr'><em>D</em></span> <span class='ocrx_word' id='word_1_196' title='bbox 450 2379 481 2388; x_wconf 81' lang='lat'>-</span> <span class='ocrx_word' id='word_1_197' title='bbox 501 2352 596 2403; x_wconf 83' lang='lat' dir='ltr'>uinum</span> <span class='ocrx_word' id='word_1_198' title='bbox 614 2349 771 2417; x_wconf 85' lang='lat' dir='ltr'>hominibus</span> <span class='ocrx_word' id='word_1_199' title='bbox 792 2350 886 2404; x_wconf 73' lang='lat' dir='ltr'>Cam.-</span> <span class='ocrx_word' id='word_1_200' title='bbox 905 2351 1001 2403; x_wconf 88' lang='lat' dir='ltr'>uinum</span> <span class='ocrx_word' id='word_1_201' title='bbox 1018 2348 1104 2403; x_wconf 82' lang='lat' dir='ltr'>BOD</span> <span class='ocrx_word' id='word_1_202' title='bbox 1124 2380 1156 2389; x_wconf 94' lang='lat'>-</span> <span class='ocrx_word' id='word_1_203' title='bbox 1174 2351 1325 2404; x_wconf 82' lang='lat' dir='ltr'>modoereri</span> <span class='ocrx_word' id='word_1_204' title='bbox 1343 2351 1372 2404; x_wconf 91' lang='lat' dir='ltr'><em>B</em></span> 
     </span>
     <span class='ocr_line' id='line_1_21' title="bbox 167 2432 1371 2506; baseline 0.006 -19"><span class='ocrx_word' id='word_1_205' title='bbox 167 2464 201 2475; x_wconf 90' lang='lat'>-</span> <span class='ocrx_word' id='word_1_206' title='bbox 221 2435 345 2490; x_wconf 87' lang='lat' dir='ltr'>homines</span> <span class='ocrx_word' id='word_1_207' title='bbox 363 2435 429 2489; x_wconf 90' lang='lat' dir='ltr'>uino</span> <span class='ocrx_word' id='word_1_208' title='bbox 447 2434 529 2490; x_wconf 71' lang='lat' dir='ltr'><em>Both.</em></span> <span class='ocrx_word' id='word_1_209' title='bbox 549 2438 613 2488; x_wconf 77' lang='lat' dir='ltr'>duce</span> <span class='ocrx_word' id='word_1_210' title='bbox 634 2442 725 2495; x_wconf 83' lang='lat' dir='ltr'>Cam.,·</span> <span class='ocrx_word' id='word_1_211' title='bbox 745 2437 803 2490; x_wconf 93' lang='lat' dir='ltr'>uim</span> <span class='ocrx_word' id='word_1_212' title='bbox 821 2454 876 2491; x_wconf 89' lang='lat' dir='ltr'>non</span> <span class='ocrx_word' id='word_1_213' title='bbox 896 2436 987 2490; x_wconf 72' lang='lat'><strong><em>1301).</em></strong></span> <span class='ocrx_word' id='word_1_214' title='bbox 1018 2471 1027 2477; x_wconf 89' lang='lat'><em>-</em></span> <span class='ocrx_word' id='word_1_215' title='bbox 1078 2440 1120 2491; x_wconf 86' lang='grc'>58.</span> <span class='ocrx_word' id='word_1_216' title='bbox 1150 2432 1232 2505; x_wconf 77' lang='lat' dir='ltr'>probi</span> <span class='ocrx_word' id='word_1_217' title='bbox 1250 2437 1287 2504; x_wconf 88' lang='lat' dir='ltr'>D,</span> <span class='ocrx_word' id='word_1_218' title='bbox 1307 2455 1371 2506; x_wconf 87' lang='lat' dir='ltr'>pro·</span> 
     </span>
     <span class='ocr_line' id='line_1_22' title="bbox 166 2522 1373 2593; baseline 0.002 -17"><span class='ocrx_word' id='word_1_219' title='bbox 166 2523 210 2576; x_wconf 83' lang='lat' dir='ltr'>bri</span> <span class='ocrx_word' id='word_1_220' title='bbox 228 2522 283 2575; x_wconf 81' lang='lat' dir='ltr'>BG</span> <span class='ocrx_word' id='word_1_221' title='bbox 301 2524 399 2591; x_wconf 89' lang='lat' dir='ltr'>-qui</span> <span class='ocrx_word' id='word_1_222' title='bbox 417 2522 561 2592; x_wconf 85' lang='lat' dir='ltr'>improbus</span> <span class='ocrx_word' id='word_1_223' title='bbox 572 2524 622 2578; x_wconf 55' lang='lat' dir='ltr'>ist</span> <span class='ocrx_word' id='word_1_224' title='bbox 642 2525 677 2591; x_wconf 89' lang='lat' dir='ltr'>Z,</span> <span class='ocrx_word' id='word_1_225' title='bbox 702 2525 749 2591; x_wconf 86' lang='lat' dir='ltr'>qui</span> <span class='ocrx_word' id='word_1_226' title='bbox 766 2524 791 2576; x_wconf 86' lang='lat' dir='ltr'>ii</span> <span class='ocrx_word' id='word_1_227' title='bbox 814 2524 918 2592; x_wconf 81' lang='lat' dir='ltr'>probus</span> <span class='ocrx_word' id='word_1_228' title='bbox 936 2528 979 2578; x_wconf 78' lang='lat' dir='ltr'>est</span> <span class='ocrx_word' id='word_1_229' title='bbox 999 2525 1038 2591; x_wconf 88' lang='lat' dir='ltr'>B,</span> <span class='ocrx_word' id='word_1_230' title='bbox 1062 2523 1115 2590; x_wconf 79' lang='lat' dir='ltr'>Qui</span> <span class='ocrx_word' id='word_1_231' title='bbox 1132 2523 1188 2577; x_wconf 83' lang='lat' dir='ltr'>iem</span> <span class='ocrx_word' id='word_1_232' title='bbox 1206 2525 1310 2593; x_wconf 83' lang='lat' dir='ltr'>probus</span> <span class='ocrx_word' id='word_1_233' title='bbox 1329 2529 1373 2579; x_wconf 79' lang='lat' dir='ltr'>est</span> 
     </span>
     <span class='ocr_line' id='line_1_23' title="bbox 171 2609 1373 2688; baseline 0.002 -24"><span class='ocrx_word' id='word_1_234' title='bbox 171 2609 205 2678; x_wconf 82' lang='lat'>0,</span> <span class='ocrx_word' id='word_1_235' title='bbox 224 2609 277 2677; x_wconf 80' lang='lat' dir='ltr'>Qui</span> <span class='ocrx_word' id='word_1_236' title='bbox 293 2610 321 2664; x_wconf 81' lang='lat' dir='ltr'>ie</span> <span class='ocrx_word' id='word_1_237' title='bbox 339 2611 419 2688; x_wconf 65' lang='lat' dir='ltr'>tpbus</span> <span class='ocrx_word' id='word_1_238' title='bbox 439 2614 455 2662; x_wconf 75' lang='grc' dir='ltr'>ὲ</span> <span class='ocrx_word' id='word_1_239' title='bbox 474 2610 504 2663; x_wconf 92' lang='lat' dir='ltr'><em>D</em></span> <span class='ocrx_word' id='word_1_240' title='bbox 523 2642 555 2653; x_wconf 91' lang='lat'>-</span> <span class='ocrx_word' id='word_1_241' title='bbox 575 2612 598 2664; x_wconf 83' lang='lat' dir='ltr'>si</span> <span class='ocrx_word' id='word_1_242' title='bbox 615 2627 699 2664; x_wconf 84' lang='lat' dir='ltr'>urnas</span> <span class='ocrx_word' id='word_1_243' title='bbox 720 2610 794 2664; x_wconf 77' lang='lat' dir='ltr'>bibit</span> <span class='ocrx_word' id='word_1_244' title='bbox 813 2613 928 2680; x_wconf 63' lang='lat' dir='ltr'>Spmp:</span> <span class='ocrx_word' id='word_1_245' title='bbox 949 2611 1027 2678; x_wconf 73' lang='lat' dir='ltr'>siqui</span> <span class='ocrx_word' id='word_1_246' title='bbox 1047 2610 1143 2664; x_wconf 81' lang='lat' dir='ltr'>sibibil</span> <span class='ocrx_word' id='word_1_247' title='bbox 1161 2611 1203 2678; x_wconf 89' lang='lat' dir='ltr'>B,</span> <span class='ocrx_word' id='word_1_248' title='bbox 1222 2613 1330 2679; x_wconf 83' lang='lat' dir='ltr'>siquam</span> <span class='ocrx_word' id='word_1_249' title='bbox 1348 2612 1373 2666; x_wconf 87' lang='lat' dir='ltr'>si</span> 
     </span>
     <span class='ocr_line' id='line_1_24' title="bbox 166 2696 1372 2773; baseline 0.002 -22"><span class='ocrx_word' id='word_1_250' title='bbox 166 2696 241 2753; x_wconf 70' lang='lat' dir='ltr'>bibit</span> <span class='ocrx_word' id='word_1_251' title='bbox 262 2698 296 2760; x_wconf 83' lang='lat'>0,</span> <span class='ocrx_word' id='word_1_252' title='bbox 322 2698 344 2751; x_wconf 85' lang='lat' dir='ltr'>sl</span> <span class='ocrx_word' id='word_1_253' title='bbox 363 2713 462 2765; x_wconf 76' lang='lat' dir='ltr'>equam</span> <span class='ocrx_word' id='word_1_254' title='bbox 480 2699 504 2750; x_wconf 84' lang='lat' dir='ltr'>si</span> <span class='ocrx_word' id='word_1_255' title='bbox 523 2697 596 2751; x_wconf 78' lang='lat' dir='ltr'>bibit</span> <span class='ocrx_word' id='word_1_256' title='bbox 613 2696 652 2749; x_wconf 88' lang='lat' dir='ltr'>D.</span> <span class='ocrx_word' id='word_1_257' title='bbox 674 2726 702 2736; x_wconf 86' lang='lat'>-</span> <span class='ocrx_word' id='word_1_258' title='bbox 743 2700 784 2751; x_wconf 90' lang='grc'>59.</span> <span class='ocrx_word' id='word_1_259' title='bbox 817 2701 889 2750; x_wconf 77' lang='lat' dir='ltr'>teme</span> <span class='ocrx_word' id='word_1_260' title='bbox 907 2702 1030 2751; x_wconf 72' lang='lat' dir='ltr'>notamen</span> <span class='ocrx_word' id='word_1_261' title='bbox 1048 2697 1097 2773; x_wconf 83' lang='grc' dir='ltr'>Β,</span> <span class='ocrx_word' id='word_1_262' title='bbox 1108 2703 1137 2750; x_wconf 77' lang='lat' dir='ltr'>te</span> <span class='ocrx_word' id='word_1_263' title='bbox 1154 2713 1198 2751; x_wconf 90' lang='lat' dir='ltr'>me</span> <span class='ocrx_word' id='word_1_264' title='bbox 1217 2697 1259 2751; x_wconf 86' lang='lat' dir='ltr'>Tu</span> <span class='ocrx_word' id='word_1_265' title='bbox 1277 2703 1372 2754; x_wconf 81' lang='lat' dir='ltr'>temen</span> 
     </span>
     <span class='ocr_line' id='line_1_25' title="bbox 171 2782 1373 2855; baseline 0.004 -18"><span class='ocrx_word' id='word_1_266' title='bbox 171 2782 200 2851; x_wconf 79' lang='grc'>0,</span> <span class='ocrx_word' id='word_1_267' title='bbox 218 2788 247 2838; x_wconf 76' lang='lat' dir='ltr'>ie</span> <span class='ocrx_word' id='word_1_268' title='bbox 265 2801 309 2838; x_wconf 87' lang='lat' dir='ltr'>me</span> <span class='ocrx_word' id='word_1_269' title='bbox 326 2784 462 2839; x_wconf 75' lang='lat' dir='ltr'>Tutemen</span> <span class='ocrx_word' id='word_1_270' title='bbox 473 2784 506 2837; x_wconf 91' lang='lat' dir='ltr'><em>D</em></span> <span class='ocrx_word' id='word_1_271' title='bbox 523 2817 556 2826; x_wconf 92' lang='lat'>—</span> <span class='ocrx_word' id='word_1_272' title='bbox 573 2785 716 2853; x_wconf 88' lang='lat' dir='ltr'>improbus</span> <span class='ocrx_word' id='word_1_273' title='bbox 733 2783 791 2853; x_wconf 81' lang='lat' dir='ltr'>(sie)</span> <span class='ocrx_word' id='word_1_274' title='bbox 810 2785 882 2838; x_wconf 79' lang='lat' dir='ltr'>Non.</span> <span class='ocrx_word' id='word_1_275' title='bbox 893 2802 923 2855; x_wconf 83' lang='lat' dir='ltr'>p.</span> <span class='ocrx_word' id='word_1_276' title='bbox 938 2788 953 2836; x_wconf 81' lang='lat'>5</span> <span class='ocrx_word' id='word_1_277' title='bbox 969 2785 1026 2847; x_wconf 86' lang='lat' dir='ltr'>M.;</span> <span class='ocrx_word' id='word_1_278' title='bbox 1046 2784 1160 2838; x_wconf 76' lang='lat' dir='ltr'>timidus</span> <span class='ocrx_word' id='word_1_279' title='bbox 1179 2790 1222 2838; x_wconf 76' lang='lat' dir='ltr'>est</span> <span class='ocrx_word' id='word_1_280' title='bbox 1239 2788 1373 2854; x_wconf 80' lang='lat' dir='ltr'>inprobus</span> 
     </span>
     <span class='ocr_line' id='line_1_26' title="bbox 166 2869 1371 2951; baseline 0.002 -28"><span class='ocrx_word' id='word_1_281' title='bbox 166 2869 252 2951; x_wconf 72' lang='lat' dir='ltr'>Bul)</span> <span class='ocrx_word' id='word_1_282' title='bbox 269 2870 324 2923; x_wconf 66' lang='lat' dir='ltr'>nesi</span> <span class='ocrx_word' id='word_1_283' title='bbox 340 2872 410 2942; x_wconf 77' lang='lat' dir='ltr'>quod</span> <span class='ocrx_word' id='word_1_284' title='bbox 424 2871 566 2940; x_wconf 85' lang='lat' dir='ltr'>improbus</span> <span class='ocrx_word' id='word_1_285' title='bbox 585 2871 622 2924; x_wconf 91' lang='lat' dir='ltr'>D.</span> <span class='ocrx_word' id='word_1_286' title='bbox 641 2899 675 2909; x_wconf 91' lang='lat'>—</span> <span class='ocrx_word' id='word_1_287' title='bbox 712 2873 754 2925; x_wconf 88' lang='grc'>60.</span> <span class='ocrx_word' id='word_1_288' title='bbox 784 2869 861 2924; x_wconf 76' lang='lat' dir='ltr'>Pers.</span> <span class='ocrx_word' id='word_1_289' title='bbox 881 2876 934 2927; x_wconf 77' lang='lat' dir='ltr'>nol.</span> <span class='ocrx_word' id='word_1_290' title='bbox 954 2873 1078 2940; x_wconf 67' lang='lat' dir='ltr'>Bsspal.</span> <span class='ocrx_word' id='word_1_291' title='bbox 1096 2870 1150 2927; x_wconf 83' lang='grc' dir='ltr'>(Ἰ)</span> <span class='ocrx_word' id='word_1_292' title='bbox 1169 2901 1201 2911; x_wconf 93' lang='grc'>-</span> <span class='ocrx_word' id='word_1_293' title='bbox 1220 2889 1273 2941; x_wconf 90' lang='lat' dir='ltr'>que</span> <span class='ocrx_word' id='word_1_294' title='bbox 1289 2872 1318 2926; x_wconf 90' lang='lat' dir='ltr'><em>B</em></span> <span class='ocrx_word' id='word_1_295' title='bbox 1337 2904 1371 2915; x_wconf 95' lang='lat'><em>-</em></span> 
     </span>
     <span class='ocr_line' id='line_1_27' title="bbox 994 2972 1008 3000; baseline 0 0"><span class='ocrx_word' id='word_1_296' title='bbox 994 2972 1008 3000; x_wconf 83' lang='lat' dir='ltr'>u</span> 
     </span>
    </p>
   </div>
   <div class='ocr_carea' id='block_1_5' title="bbox 167 3012 1372 3503">
    <p class='ocr_par' dir='ltr' id='par_1_9' title="bbox 167 3012 1372 3503">
     <span class='ocr_line' id='line_1_28' title="bbox 167 3012 1372 3072; baseline 0 -2"><span class='ocrx_word' id='word_1_297' title='bbox 167 3015 204 3070; x_wconf 89' lang='lat' dir='ltr'>ob</span> <span class='ocrx_word' id='word_1_298' title='bbox 226 3014 338 3069; x_wconf 78' lang='lat' dir='ltr'>noxiam</span> <span class='ocrx_word' id='word_1_299' title='bbox 356 3012 463 3071; x_wconf 70' lang='lat' dir='ltr'>Palm„-</span> <span class='ocrx_word' id='word_1_300' title='bbox 490 3015 610 3069; x_wconf 82' lang='lat' dir='ltr'>obnoxie</span> <span class='ocrx_word' id='word_1_301' title='bbox 627 3013 719 3067; x_wconf 74' lang='lat' dir='ltr'>Bl&#39;D.</span> <span class='ocrx_word' id='word_1_302' title='bbox 745 3043 778 3055; x_wconf 94' lang='lat'>·-</span> <span class='ocrx_word' id='word_1_303' title='bbox 815 3018 857 3070; x_wconf 86' lang='grc'>61.</span> <span class='ocrx_word' id='word_1_304' title='bbox 887 3014 1032 3070; x_wconf 81' lang='lat' dir='ltr'>obnoxium</span> <span class='ocrx_word' id='word_1_305' title='bbox 1056 3012 1096 3066; x_wconf 80' lang='lat' dir='ltr'>Ca</span> <span class='ocrx_word' id='word_1_306' title='bbox 1120 3045 1154 3055; x_wconf 89' lang='lat'>-</span> <span class='ocrx_word' id='word_1_307' title='bbox 1180 3023 1268 3070; x_wconf 79' lang='lat' dir='ltr'>essem</span> <span class='ocrx_word' id='word_1_308' title='bbox 1285 3015 1372 3072; x_wconf 81' lang='lat' dir='ltr'>BOD</span> 
     </span>
     <span class='ocr_line' id='line_1_29' title="bbox 170 3102 1371 3172; baseline -0.002 -15"><span class='ocrx_word' id='word_1_309' title='bbox 170 3131 202 3143; x_wconf 92' lang='lat'><em>-</em></span> <span class='ocrx_word' id='word_1_310' title='bbox 222 3103 319 3171; x_wconf 82' lang='lat' dir='ltr'>culpae</span> <span class='ocrx_word' id='word_1_311' title='bbox 337 3106 492 3170; x_wconf 77' lang='lat' dir='ltr'>compotem</span> <span class='ocrx_word' id='word_1_312' title='bbox 513 3102 624 3159; x_wconf 71' lang='lat' dir='ltr'>Sarae:</span> <span class='ocrx_word' id='word_1_313' title='bbox 652 3103 725 3169; x_wconf 73' lang='lat' dir='ltr'>eultq</span> <span class='ocrx_word' id='word_1_314' title='bbox 744 3103 882 3172; x_wconf 72' lang='lat' dir='ltr'>eupolemi</span> <span class='ocrx_word' id='word_1_315' title='bbox 902 3104 942 3172; x_wconf 91' lang='lat' dir='ltr'>B,</span> <span class='ocrx_word' id='word_1_316' title='bbox 963 3103 1038 3156; x_wconf 76' lang='lat' dir='ltr'>nulle</span> <span class='ocrx_word' id='word_1_317' title='bbox 1057 3105 1183 3170; x_wconf 79' lang='lat' dir='ltr'>compote</span> <span class='ocrx_word' id='word_1_318' title='bbox 1201 3102 1240 3154; x_wconf 87' lang='lat' dir='ltr'>mi</span> <span class='ocrx_word' id='word_1_319' title='bbox 1260 3103 1317 3157; x_wconf 80' lang='lat' dir='ltr'>OD.</span> <span class='ocrx_word' id='word_1_320' title='bbox 1338 3132 1371 3144; x_wconf 91' lang='grc'>-</span> 
     </span>
     <span class='ocr_line' id='line_1_30' title="bbox 170 3187 1371 3260; baseline 0 -16"><span class='ocrx_word' id='word_1_321' title='bbox 170 3192 212 3244; x_wconf 72' lang='grc'>61.</span> <span class='ocrx_word' id='word_1_322' title='bbox 244 3189 320 3241; x_wconf 83' lang='lat' dir='ltr'>l’ers.</span> <span class='ocrx_word' id='word_1_323' title='bbox 340 3193 391 3239; x_wconf 71' lang='lat' dir='ltr'>unt.</span> <span class='ocrx_word' id='word_1_324' title='bbox 413 3191 438 3240; x_wconf 87' lang='lat' dir='ltr'><em>B</em></span> <span class='ocrx_word' id='word_1_325' title='bbox 456 3217 490 3227; x_wconf 92' lang='lat'><em>-</em></span> <span class='ocrx_word' id='word_1_326' title='bbox 509 3187 632 3242; x_wconf 79' lang='lat' dir='ltr'>Callicies</span> <span class='ocrx_word' id='word_1_327' title='bbox 651 3189 715 3253; x_wconf 72' lang='grc'>110,</span> <span class='ocrx_word' id='word_1_328' title='bbox 739 3189 866 3245; x_wconf 72' lang='lat' dir='ltr'>Callicles</span> <span class='ocrx_word' id='word_1_329' title='bbox 884 3191 915 3243; x_wconf 94' lang='lat' dir='ltr'><em>D</em></span> <span class='ocrx_word' id='word_1_330' title='bbox 937 3219 963 3229; x_wconf 88' lang='lat'>-</span> <span class='ocrx_word' id='word_1_331' title='bbox 984 3189 1049 3242; x_wconf 79' lang='lat' dir='ltr'>uide</span> <span class='ocrx_word' id='word_1_332' title='bbox 1068 3187 1096 3252; x_wconf 88' lang='lat' dir='ltr'><em>B</em></span> <span class='ocrx_word' id='word_1_333' title='bbox 1115 3216 1150 3247; x_wconf 83' lang='lat'>·-.</span> <span class='ocrx_word' id='word_1_334' title='bbox 1167 3206 1269 3257; x_wconf 83' lang='lat' dir='ltr'>quaeso</span> <span class='ocrx_word' id='word_1_335' title='bbox 1287 3188 1371 3260; x_wconf 75' lang='lat' dir='ltr'>insig-</span> 
     </span>
     <span class='ocr_line' id='line_1_31' title="bbox 168 3275 1372 3345; baseline 0.001 -14"><span class='ocrx_word' id='word_1_336' title='bbox 168 3293 232 3331; x_wconf 83' lang='lat' dir='ltr'>nem</span> <span class='ocrx_word' id='word_1_337' title='bbox 250 3292 284 3328; x_wconf 88' lang='lat' dir='ltr'>ne</span> <span class='ocrx_word' id='word_1_338' title='bbox 302 3278 404 3343; x_wconf 49' lang='lat' dir='ltr'>(loppa</span> <span class='ocrx_word' id='word_1_339' title='bbox 426 3277 576 3343; x_wconf 74' lang='lat' dir='ltr'>quesomne</span> <span class='ocrx_word' id='word_1_340' title='bbox 594 3277 624 3340; x_wconf 76' lang='lat' dir='ltr'>B,</span> <span class='ocrx_word' id='word_1_341' title='bbox 643 3293 696 3344; x_wconf 74' lang='lat' dir='ltr'>quq</span> <span class='ocrx_word' id='word_1_342' title='bbox 715 3278 847 3330; x_wconf 83' lang='lat' dir='ltr'>semneim</span> <span class='ocrx_word' id='word_1_343' title='bbox 864 3276 892 3341; x_wconf 83' lang='lat'>0,</span> <span class='ocrx_word' id='word_1_344' title='bbox 912 3294 964 3345; x_wconf 72' lang='lat' dir='ltr'>quq</span> <span class='ocrx_word' id='word_1_345' title='bbox 983 3279 1078 3331; x_wconf 68' lang='lat' dir='ltr'>somne</span> <span class='ocrx_word' id='word_1_346' title='bbox 1096 3275 1135 3329; x_wconf 91' lang='lat' dir='ltr'>D.</span> <span class='ocrx_word' id='word_1_347' title='bbox 1158 3307 1186 3315; x_wconf 94' lang='lat'>-</span> <span class='ocrx_word' id='word_1_348' title='bbox 1225 3279 1267 3333; x_wconf 82' lang='lat'>63.</span> <span class='ocrx_word' id='word_1_349' title='bbox 1286 3282 1372 3332; x_wconf 75' lang='lat' dir='ltr'>testes</span> 
     </span>
     <span class='ocr_line' id='line_1_32' title="bbox 168 3361 1370 3434; baseline 0.002 -18"><span class='ocrx_word' id='word_1_350' title='bbox 168 3364 277 3416; x_wconf 80' lang='lat' dir='ltr'>uinctos</span> <span class='ocrx_word' id='word_1_351' title='bbox 295 3361 397 3415; x_wconf 78' lang='lat' dir='ltr'>ettines</span> <span class='ocrx_word' id='word_1_352' title='bbox 419 3362 507 3431; x_wconf 51' lang='lat' dir='ltr'>aspin</span> <span class='ocrx_word' id='word_1_353' title='bbox 527 3364 624 3415; x_wconf 72' lang='lat' dir='ltr'>seselis</span> <span class='ocrx_word' id='word_1_354' title='bbox 642 3363 717 3418; x_wconf 76' lang='lat' dir='ltr'>uicto</span> <span class='ocrx_word' id='word_1_355' title='bbox 735 3363 788 3416; x_wconf 81' lang='lat' dir='ltr'>sati</span> <span class='ocrx_word' id='word_1_356' title='bbox 805 3364 865 3417; x_wconf 89' lang='lat' dir='ltr'>ines</span> <span class='ocrx_word' id='word_1_357' title='bbox 883 3363 918 3431; x_wconf 84' lang='lat' dir='ltr'>B,</span> <span class='ocrx_word' id='word_1_358' title='bbox 939 3371 994 3417; x_wconf 76' lang='lat' dir='ltr'>lem</span> <span class='ocrx_word' id='word_1_359' title='bbox 1013 3366 1079 3417; x_wconf 82' lang='lat' dir='ltr'>estis</span> <span class='ocrx_word' id='word_1_360' title='bbox 1097 3363 1173 3418; x_wconf 78' lang='lat' dir='ltr'>uicto</span> <span class='ocrx_word' id='word_1_361' title='bbox 1192 3363 1245 3417; x_wconf 78' lang='lat' dir='ltr'>sati</span> <span class='ocrx_word' id='word_1_362' title='bbox 1263 3364 1324 3419; x_wconf 86' lang='lat' dir='ltr'>ines</span> <span class='ocrx_word' id='word_1_363' title='bbox 1342 3368 1370 3434; x_wconf 74' lang='lat'>0,</span> 
     </span>
     <span class='ocr_line' id='line_1_33' title="bbox 169 3438 948 3503; baseline -0.001 0"><span class='ocrx_word' id='word_1_364' title='bbox 169 3454 197 3503; x_wconf 71' lang='lat' dir='ltr'>ie</span> <span class='ocrx_word' id='word_1_365' title='bbox 216 3449 282 3502; x_wconf 77' lang='lat' dir='ltr'>estis</span> <span class='ocrx_word' id='word_1_366' title='bbox 301 3452 377 3502; x_wconf 81' lang='lat' dir='ltr'>ulcio</span> <span class='ocrx_word' id='word_1_367' title='bbox 396 3453 510 3502; x_wconf 73' lang='lat' dir='ltr'>salimes</span> <span class='ocrx_word' id='word_1_368' title='bbox 528 3449 568 3502; x_wconf 87' lang='lat' dir='ltr'>D.</span> <span class='ocrx_word' id='word_1_369' title='bbox 588 3479 621 3488; x_wconf 93' lang='lat'>--</span> <span class='ocrx_word' id='word_1_370' title='bbox 757 3449 763 3458; x_wconf 86' lang='lat'><em>&#39;</em></span> <span class='ocrx_word' id='word_1_371' title='bbox 947 3438 948 3442; x_wconf 27' lang='lat'>¹</span> 
     </span>
    </p>
   </div>
   <div class='ocr_carea' id='block_1_6' title="bbox 169 3587 1373 4350">
    <p class='ocr_par' dir='ltr' id='par_1_10' title="bbox 171 3587 1373 3658">
     <span class='ocr_line' id='line_1_34' title="bbox 171 3587 1373 3658; baseline -0.003 -12"><span class='ocrx_word' id='word_1_372' title='bbox 171 3590 312 3646; x_wconf 79' lang='lat' dir='ltr'>euseiiuus</span> <span class='ocrx_word' id='word_1_373' title='bbox 331 3589 425 3643; x_wconf 55' lang='lat' dir='ltr'>omitti&gt;</span> <span class='ocrx_word' id='word_1_374' title='bbox 439 3604 493 3643; x_wconf 88' lang='lat' dir='ltr'>non</span> <span class='ocrx_word' id='word_1_375' title='bbox 513 3589 590 3642; x_wconf 73' lang='lat' dir='ltr'>solet.</span> <span class='ocrx_word' id='word_1_376' title='bbox 622 3589 759 3658; x_wconf 73' lang='lat' dir='ltr'>Vulgninr</span> <span class='ocrx_word' id='word_1_377' title='bbox 787 3592 916 3656; x_wconf 81' lang='lat' dir='ltr'>promptu</span> <span class='ocrx_word' id='word_1_378' title='bbox 935 3593 978 3640; x_wconf 80' lang='lat' dir='ltr'>est</span> <span class='ocrx_word' id='word_1_379' title='bbox 994 3587 1021 3639; x_wconf 82' lang='lat' dir='ltr'>si</span> <span class='ocrx_word' id='word_1_380' title='bbox 1037 3589 1114 3641; x_wconf 75' lang='lat' dir='ltr'>aedan</span> <span class='ocrx_word' id='word_1_381' title='bbox 1133 3588 1197 3641; x_wconf 76' lang='lat' dir='ltr'>bibit</span> <span class='ocrx_word' id='word_1_382' title='bbox 1213 3588 1276 3642; x_wconf 80' lang='lat' dir='ltr'>noll.</span> <span class='ocrx_word' id='word_1_383' title='bbox 1294 3588 1373 3642; x_wconf 76' lang='lat' dir='ltr'>euro.</span> 
     </span>
    </p>

    <p class='ocr_par' dir='ltr' id='par_1_11' title="bbox 169 3675 1372 3746">
     <span class='ocr_line' id='line_1_35' title="bbox 169 3675 1372 3746; baseline -0.001 -19"><span class='ocrx_word' id='word_1_384' title='bbox 169 3695 219 3746; x_wconf 76' lang='lat' dir='ltr'>per</span> <span class='ocrx_word' id='word_1_385' title='bbox 230 3681 277 3728; x_wconf 77' lang='lat' dir='ltr'>tua</span> <span class='ocrx_word' id='word_1_386' title='bbox 288 3677 443 3727; x_wconf 67' lang='lat' dir='ltr'>‹absemn-</span> <span class='ocrx_word' id='word_1_387' title='bbox 458 3675 498 3729; x_wconf 89' lang='lat' dir='ltr'>De</span> <span class='ocrx_word' id='word_1_388' title='bbox 506 3677 652 3730; x_wconf 82' lang='lat' dir='ltr'>uerborum</span> <span class='ocrx_word' id='word_1_389' title='bbox 663 3675 759 3729; x_wconf 87' lang='lat' dir='ltr'>ordine</span> <span class='ocrx_word' id='word_1_390' title='bbox 786 3676 820 3740; x_wconf 86' lang='grc' dir='ltr'>ΙΙ,</span> <span class='ocrx_word' id='word_1_391' title='bbox 841 3679 866 3744; x_wconf 85' lang='grc'>3,</span> <span class='ocrx_word' id='word_1_392' title='bbox 885 3678 933 3729; x_wconf 77' lang='lat'>89:</span> <span class='ocrx_word' id='word_1_393' title='bbox 954 3675 1080 3743; x_wconf 76' lang='lat' dir='ltr'>peculum</span> <span class='ocrx_word' id='word_1_394' title='bbox 1098 3676 1210 3744; x_wconf 71' lang='lat' dir='ltr'>prande,</span> <span class='ocrx_word' id='word_1_395' title='bbox 1232 3675 1295 3727; x_wconf 71' lang='lat' dir='ltr'>aule</span> <span class='ocrx_word' id='word_1_396' title='bbox 1314 3692 1372 3726; x_wconf 75' lang='lat' dir='ltr'>mu-</span> 
     </span>
    </p>

    <p class='ocr_par' dir='ltr' id='par_1_12' title="bbox 172 3761 1372 3832">
     <span class='ocr_line' id='line_1_36' title="bbox 172 3761 1372 3832; baseline -0.002 -14"><span class='ocrx_word' id='word_1_397' title='bbox 172 3765 298 3832; x_wconf 84' lang='lat' dir='ltr'>exemple</span> <span class='ocrx_word' id='word_1_398' title='bbox 315 3761 443 3816; x_wconf 80' lang='lat' dir='ltr'>Plautina</span> <span class='ocrx_word' id='word_1_399' title='bbox 462 3768 527 3815; x_wconf 80' lang='lat' dir='ltr'>sunt</span> <span class='ocrx_word' id='word_1_400' title='bbox 538 3762 614 3830; x_wconf 74' lang='lat' dir='ltr'>Cepi.</span> <span class='ocrx_word' id='word_1_401' title='bbox 624 3763 656 3829; x_wconf 86' lang='lat' dir='ltr'>V,</span> <span class='ocrx_word' id='word_1_402' title='bbox 671 3765 694 3829; x_wconf 74' lang='lat'>2,</span> <span class='ocrx_word' id='word_1_403' title='bbox 711 3766 756 3828; x_wconf 72' lang='lat'>&#39;243</span> <span class='ocrx_word' id='word_1_404' title='bbox 784 3779 838 3828; x_wconf 79' lang='lat' dir='ltr'>qna</span> <span class='ocrx_word' id='word_1_405' title='bbox 877 3792 895 3800; x_wconf 91' lang='lat'><em>-</em></span> <span class='ocrx_word' id='word_1_406' title='bbox 922 3761 1070 3816; x_wconf 75' lang='lat' dir='ltr'>si-eiue.</span> <span class='ocrx_word' id='word_1_407' title='bbox 1093 3761 1372 3817; x_wconf 75' lang='lat' dir='ltr'>cf.uit.Pr01.Trin.</span> 
     </span>
    </p>

    <p class='ocr_par' dir='ltr' id='par_1_13' title="bbox 172 3847 923 3917">
     <span class='ocr_line' id='line_1_37' title="bbox 172 3847 923 3917; baseline -0.008 -11"><span class='ocrx_word' id='word_1_408' title='bbox 172 3851 244 3906; x_wconf 84' lang='lat' dir='ltr'>Rud.</span> <span class='ocrx_word' id='word_1_409' title='bbox 262 3849 310 3916; x_wconf 85' lang='grc' dir='ltr'><strong>ΙΙΙ,</strong></span> <span class='ocrx_word' id='word_1_410' title='bbox 338 3853 362 3915; x_wconf 74' lang='lat'>2,</span> <span class='ocrx_word' id='word_1_411' title='bbox 394 3851 434 3903; x_wconf 84' lang='grc'>13.</span> <span class='ocrx_word' id='word_1_412' title='bbox 488 3849 636 3903; x_wconf 73' lang='lat' dir='ltr'>Praeterea</span> <span class='ocrx_word' id='word_1_413' title='bbox 664 3847 758 3901; x_wconf 80' lang='lat' dir='ltr'>confer</span> <span class='ocrx_word' id='word_1_414' title='bbox 785 3866 813 3917; x_wconf 90' lang='lat' dir='ltr'>p.</span> <span class='ocrx_word' id='word_1_415' title='bbox 832 3851 866 3903; x_wconf 81' lang='grc'>84</span> <span class='ocrx_word' id='word_1_416' title='bbox 884 3865 923 3916; x_wconf 85' lang='lat' dir='ltr'>sq.</span> 
     </span>
    </p>

    <p class='ocr_par' dir='ltr' id='par_1_14' title="bbox 173 3933 1373 4178">
     <span class='ocr_line' id='line_1_38' title="bbox 173 3933 1373 4003; baseline -0.005 -11"><span class='ocrx_word' id='word_1_417' title='bbox 173 3939 250 3992; x_wconf 80' lang='lat' dir='ltr'>Cure.</span> <span class='ocrx_word' id='word_1_418' title='bbox 270 3937 302 4003; x_wconf 85' lang='lat' dir='ltr'>V,</span> <span class='ocrx_word' id='word_1_419' title='bbox 322 3939 346 4002; x_wconf 71' lang='lat'>2,</span> <span class='ocrx_word' id='word_1_420' title='bbox 366 3939 398 3989; x_wconf 83' lang='lat'>31</span> <span class='ocrx_word' id='word_1_421' title='bbox 419 3940 447 3988; x_wconf 80' lang='lat' dir='ltr'>et</span> <span class='ocrx_word' id='word_1_422' title='bbox 465 3935 549 3988; x_wconf 78' lang='lat' dir='ltr'>Stich.</span> <span class='ocrx_word' id='word_1_423' title='bbox 570 3937 615 4003; x_wconf 89' lang='lat' dir='ltr'>IV,</span> <span class='ocrx_word' id='word_1_424' title='bbox 635 3938 659 4002; x_wconf 77' lang='lat'>⁶2,</span> <span class='ocrx_word' id='word_1_425' title='bbox 680 3939 721 3989; x_wconf 87' lang='grc'>31.</span> <span class='ocrx_word' id='word_1_426' title='bbox 823 3938 864 3990; x_wconf 88' lang='grc'>60.</span> <span class='ocrx_word' id='word_1_427' title='bbox 900 3935 1017 3999; x_wconf 49' lang='lat' dir='ltr'>nimiam,</span> <span class='ocrx_word' id='word_1_428' title='bbox 1038 3951 1147 3989; x_wconf 77' lang='lat' dir='ltr'>noxam,</span> <span class='ocrx_word' id='word_1_429' title='bbox 1178 3933 1373 3989; x_wconf 72' lang='lat' dir='ltr'>Euenimfor·</span> 
     </span>
     <span class='ocr_line' id='line_1_39' title="bbox 209 4021 1362 4091; baseline -0.003 -13"><span class='ocrx_word' id='word_1_430' title='bbox 209 4028 250 4078; x_wconf 85' lang='grc'>57.</span> <span class='ocrx_word' id='word_1_431' title='bbox 287 4022 432 4084; x_wconf 65' lang='lat' dir='ltr'>moderari,</span> <span class='ocrx_word' id='word_1_432' title='bbox 452 4024 597 4091; x_wconf 80' lang='lat' dir='ltr'>imperare.</span> <span class='ocrx_word' id='word_1_433' title='bbox 786 4040 832 4075; x_wconf 83' lang='lat' dir='ltr'>mn</span> <span class='ocrx_word' id='word_1_434' title='bbox 844 4023 902 4076; x_wconf 81' lang='lat' dir='ltr'>sola</span> <span class='ocrx_word' id='word_1_435' title='bbox 914 4029 1029 4077; x_wconf 74' lang='lat' dir='ltr'>utuntur</span> <span class='ocrx_word' id='word_1_436' title='bbox 1042 4023 1154 4074; x_wconf 78' lang='lat' dir='ltr'>Plenius</span> <span class='ocrx_word' id='word_1_437' title='bbox 1168 4026 1196 4073; x_wconf 78' lang='lat' dir='ltr'>el</span> <span class='ocrx_word' id='word_1_438' title='bbox 1207 4021 1362 4076; x_wconf 78' lang='lat' dir='ltr'>Terentius.</span> 
     </span>
     <span class='ocr_line' id='line_1_40' title="bbox 211 4108 1372 4178; baseline -0.005 -13"><span class='ocrx_word' id='word_1_439' title='bbox 211 4114 253 4165; x_wconf 77' lang='lat'>58.</span> <span class='ocrx_word' id='word_1_440' title='bbox 288 4110 315 4160; x_wconf 80' lang='lat' dir='ltr'>si</span> <span class='ocrx_word' id='word_1_441' title='bbox 336 4126 419 4161; x_wconf 73' lang='lat' dir='ltr'>urnas</span> <span class='ocrx_word' id='word_1_442' title='bbox 442 4110 522 4170; x_wconf 65' lang='lat' dir='ltr'>lieet,</span> <span class='ocrx_word' id='word_1_443' title='bbox 559 4112 618 4164; x_wconf 82' lang='lat' dir='ltr'>siue</span> <span class='ocrx_word' id='word_1_444' title='bbox 641 4110 759 4162; x_wconf 77' lang='lat' dir='ltr'>mulium</span> <span class='ocrx_word' id='word_1_445' title='bbox 824 4112 865 4164; x_wconf 71' lang='lat'>62.</span> <span class='ocrx_word' id='word_1_446' title='bbox 902 4109 1032 4178; x_wconf 71' lang='lat' dir='ltr'>insiqnem</span> <span class='ocrx_word' id='word_1_447' title='bbox 1057 4108 1203 4168; x_wconf 68' lang='lat' dir='ltr'>imm-nnn,</span> <span class='ocrx_word' id='word_1_448' title='bbox 1237 4109 1271 4162; x_wconf 84' lang='lat' dir='ltr'>ef.</span> <span class='ocrx_word' id='word_1_449' title='bbox 1290 4108 1372 4162; x_wconf 81' lang='lat' dir='ltr'>Poen.</span> 
     </span>
    </p>

    <p class='ocr_par' dir='ltr' id='par_1_15' title="bbox 175 4194 1372 4266">
     <span class='ocr_line' id='line_1_41' title="bbox 175 4194 1372 4266; baseline 0 -17"><span class='ocrx_word' id='word_1_450' title='bbox 175 4198 232 4249; x_wconf 85' lang='lat' dir='ltr'>uiui</span> <span class='ocrx_word' id='word_1_451' title='bbox 247 4196 325 4263; x_wconf 81' lang='lat' dir='ltr'>bibit,</span> <span class='ocrx_word' id='word_1_452' title='bbox 343 4198 401 4250; x_wconf 90' lang='lat' dir='ltr'>siue</span> <span class='ocrx_word' id='word_1_453' title='bbox 413 4213 445 4250; x_wconf 90' lang='lat' dir='ltr'>eo</span> <span class='ocrx_word' id='word_1_454' title='bbox 459 4202 542 4266; x_wconf 78' lang='lat' dir='ltr'>caret,</span> <span class='ocrx_word' id='word_1_455' title='bbox 561 4201 619 4251; x_wconf 72' lang='lat' dir='ltr'>Ces.</span> <span class='ocrx_word' id='word_1_456' title='bbox 629 4198 697 4266; x_wconf 77' lang='lat' dir='ltr'>prol.</span> <span class='ocrx_word' id='word_1_457' title='bbox 711 4200 758 4252; x_wconf 82' lang='lat'>76:</span> <span class='ocrx_word' id='word_1_458' title='bbox 789 4196 836 4262; x_wconf 88' lang='grc' dir='ltr'><strong>ΙΙΙ,</strong></span> <span class='ocrx_word' id='word_1_459' title='bbox 855 4199 879 4261; x_wconf 87' lang='lat'>6,</span> <span class='ocrx_word' id='word_1_460' title='bbox 901 4198 947 4249; x_wconf 81' lang='lat'>14:</span> <span class='ocrx_word' id='word_1_461' title='bbox 967 4194 1095 4247; x_wconf 66' lang='lat' dir='ltr'>numiam</span> <span class='ocrx_word' id='word_1_462' title='bbox 1108 4194 1232 4263; x_wconf 69' lang='lat' dir='ltr'>ium&#39;ynite</span> <span class='ocrx_word' id='word_1_463' title='bbox 1244 4196 1372 4265; x_wconf 66' lang='lat' dir='ltr'>pontelini.</span> 
     </span>
    </p>

    <p class='ocr_par' dir='ltr' id='par_1_16' title="bbox 176 4283 1350 4350">
     <span class='ocr_line' id='line_1_42' title="bbox 176 4283 1350 4350; baseline 0.002 -16"><span class='ocrx_word' id='word_1_464' title='bbox 176 4283 205 4335; x_wconf 79' lang='lat' dir='ltr'>in</span> <span class='ocrx_word' id='word_1_465' title='bbox 234 4300 331 4336; x_wconf 80' lang='lat' dir='ltr'>urnam</span> <span class='ocrx_word' id='word_1_466' title='bbox 357 4283 447 4336; x_wconf 61' lang='lat' dir='ltr'>neubi.</span> <span class='ocrx_word' id='word_1_467' title='bbox 491 4283 596 4338; x_wconf 81' lang='lat' dir='ltr'>Eodem</span> <span class='ocrx_word' id='word_1_468' title='bbox 623 4301 705 4338; x_wconf 85' lang='lat' dir='ltr'>sensu</span> <span class='ocrx_word' id='word_1_469' title='bbox 730 4285 760 4336; x_wconf 89' lang='lat' dir='ltr'>in</span> <span class='ocrx_word' id='word_1_470' title='bbox 823 4285 865 4340; x_wconf 76' lang='lat'>63.</span> <span class='ocrx_word' id='word_1_471' title='bbox 899 4299 969 4344; x_wconf 74' lang='lat' dir='ltr'>reue,</span> <span class='ocrx_word' id='word_1_472' title='bbox 992 4283 1165 4350; x_wconf 84' lang='lat' dir='ltr'>Dininrehus‚</span> <span class='ocrx_word' id='word_1_473' title='bbox 1184 4287 1269 4346; x_wconf 72' lang='lat' dir='ltr'>testes,</span> <span class='ocrx_word' id='word_1_474' title='bbox 1290 4299 1350 4336; x_wconf 78' lang='lat' dir='ltr'>nos.</span> 
     </span>
    </p>
   </div>
   <div class='ocr_carea' id='block_1_7' title="bbox 0 0 1486 4852">
    <p class='ocr_par' dir='ltr' id='par_1_17' title="bbox 0 0 1486 4852">
     <span class='ocr_line' id='line_1_43' title="bbox 0 0 1486 4852; baseline 0 0"><span class='ocrx_word' id='word_1_475' title='bbox 0 0 1486 4852; x_wconf 95' lang='lat' dir='ltr'> </span> 
     </span>
    </p>
   </div>
  </div>
 </body>
</html>
