2956 4852
111 1217 148 1273 ⁸0

700 336 814 381 mm.
1105 312 1147 393 II,
1170 316 1200 392 2,
1222 315 1361 376 26-34.

288 498 351 564 sed
373 499 450 584 quid
471 499 512 564 ad
534 499 660 563 nostres
681 499 788 583 negoti
811 498 926 563 millier
947 503 996 562 est
1018 497 1107 563 aedis
1127 497 1209 564 tibi?

217 667 219 673 ,
290 602 372 679 Quid
394 607 429 667 tu
452 601 514 667 hue
536 598 699 679 occursis,
732 600 765 663 in
795 599 906 666 urbem
933 598 1241 684 quetienequomque
1264 598 1362 663 adue·

1191 700 1319 765 nimus?

197 802 265 870 Aah
288 801 438 869 Miliems
460 802 534 868 uolo
557 800 728 867 einuenire
750 801 886 867 uestrae.

764 904 826 969 Str.
861 905 948 983 Quae
968 909 1005 969 tu
1027 903 1177 970 mfilieree

222 1025 224 1029 ·
290 1006 370 1070 Mihi
392 1026 514 1086 neriae,
536 1005 592 1070 ubi
613 1006 723 1071 mesca
744 1006 835 1071 nulla
855 1006 1006 1071 feminast
1028 1006 1061 1069 in
1083 1003 1239 1070 aedibus?

198 1108 264 1172 Ast.
288 1108 407 1173 Ni'illan
420 1096 545 1172 ¹mulier
569 1107 641 1172 istie
663 1107 812 1172 habitat?

706 1210 768 1275 Str.
796 1208 863 1274 Res
885 1208 1042 1287 abierunt,
1063 1208 1210 1290 inquam:
1235 1207 1296 1272 abi.

199 1312 268 1376 Ast.
291 1309 376 1389 Quid
397 1310 527 1395 clames,
549 1314 683 1379 insane?

200 1491 204 1499 ,
468 1441 474 1452 ·
565 1415 626 1480 Sir.
650 1413 745 1478 Abire
768 1413 843 1476 hinc
865 1411 899 1474 ni
920 1431 1073 1496 properae
1095 1410 1209 1494 grandi
1230 1411 1342 1493 gradu,
1448 1418 1451 1424 '

290 1513 364 1578 lam
392 1513 498 1579 hercle
527 1536 585 1601 ego
612 1519 691 1581 istos
719 1513 812 1579 fietis
842 1514 1032 1596 compositos
1060 1512 1180 1596 crispos
1203 1512 1366 1576 cincinnbe

1251 1619 1324 1678 tuoe

292 1711 524 1799 'Unguentatos
545 1717 646 1802 iisque
668 1739 685 1783 e
709 1718 838 1784 cerebro
860 1713 1008 1781 euellam.

897 1820 964 1882 Ast.
989 1818 1133 1896 Quanam
1155 1814 1281 1897 gretia?

201 1919 263 1985 Str.
292 1919 375 1998 Quia
398 1922 440 1985 ad
462 1921 539 1987 forie
561 1922 687 1986 nostrie
709 1921 881 2003 unguentis
902 1918 1025 1983 finete’s
1047 1938 1127 1982 ausa
1149 1915 1300 1982 accedere

167 2107 210 2162 26.
241 2106 277 2160 ed
295 2109 330 2175 Α,
351 2107 425 2175 apud
443 2107 528 2160 Βο1)
546 2138 576 2148 -
596 2109 691 2178 negoti
710 2111 746 2177 Α,
765 2107 871 2177 negotii
889 2106 971 2160 Βο1)
990 2135 1021 2146 -
1040 2104 1184 2158 muliereet
1203 2105 1237 2156 B.
1262 2136 1284 2144 -
1326 2102 1369 2157 27.

167 2193 221 2247 hue
238 2211 366 2248 oeeureae
386 2196 422 2262 A,
440 2194 493 2248 hoe
510 2212 640 2248 occurras
653 2196 711 2248 BD
728 2200 753 2246 et
769 2194 809 2246 eie
828 2193 923 2246 iunctis
940 2191 1077 2245 uocabulis
1097 2191 1253 2258 Quidluhoc
1274 2207 1368 2244 oeeur-

167 2297 213 2333 rae
234 2281 306 2333 0-
325 2281 451 2334 inurbem
475 2282 498 2334 0
519 2312 546 2321 ·-
568 2284 786 2354 quotienscumq1
805 2285 840 2351 A,
861 2281 1077 2349 quotieneciique
1096 2278 1130 2347 Β,
1151 2278 1277 2346 quotiens
1296 2295 1370 2331 cum·

168 2386 222 2437 que
238 2367 298 2422 01).
317 2398 348 2408 -
386 2371 428 2422 28.
459 2368 522 2421 uolo
541 2371 688 2423 conuenire
701 2371 736 2438 A,
756 2369 904 2421 conuenire
915 2367 980 2420 uolo
992 2365 1077 2418 BOD
1089 2395 1124 2404 -
1137 2368 1244 2418 uestrae
1256 2364 1369 2419 ABC'D

170 2485 202 2495 -
222 2459 338 2522 questu
358 2454 422 2523 AD,
444 2459 544 2522 questu
560 2457 596 2524 B,
616 2460 732 2524 questu
754 2459 775 2509 0
796 2485 823 2495 -
845 2455 909 2506 Post
926 2454 1054 2508 muliere·
1073 2470 1170 2504 rasura
1189 2457 1226 2503 eit
1244 2450 1272 2504 iu
1292 2452 1321 2506 D
1340 2451 1369 2505 iet

168 2559 221 2612 qua
239 2541 301 2593 olim
319 2542 387 2594 mihi
404 2559 501 2594 narras
519 2542 649 2611 seriptum
664 2546 729 2596 erat.
749 2572 782 2581 -
820 2544 861 2596 29.
893 2541 942 2594 ubi
959 2558 1055 2594 musea
1072 2541 1149 2593 nulla
1166 2539 1208 2608 1),
1227 2539 1370 2592 ubimueee

168 2628 245 2682 nulla
263 2628 297 2697 B,
316 2629 537 2682 ubimueeenulla
559 2628 582 2681 0
600 2659 632 2668 -
652 2627 782 2682 feminast
801 2632 841 2698 Α,
859 2628 961 2680 femina
981 2630 1024 2680 est
1043 2627 1112 2695 BC',
1132 2626 1235 2681 femina
1253 2630 1268 2680 ὃ
1287 2626 1317 2678 D
1336 2654 1370 2664 -

167 2715 298 2796 inedibue
320 2715 350 2769 0.
374 2746 399 2754 -
439 2717 481 2767 30.
511 2714 613 2768 Nullan
630 2716 729 2768 mulier
746 2716 810 2769 istie
828 2717 869 2784 A,
899 2716 980 2769 Nulli
998 2714 1204 2797 istinc-*mulier
1223 2713 1265 2780 B,
1294 2713 1371 2765 nulle

168 2803 252 2856 istinc
264 2801 364 2856 Mulier
381 2800 433 2854 01)
452 2830 486 2839 -
504 2802 633 2856 abierunt
650 2803 762 2870 inquam
781 2803 828 2854 abi
840 2805 875 2872 Α,
895 2803 1006 2870 inquam
1027 2801 1104 2855 abier
1121 2801 1187 2871 pebi
1204 2799 1239 2868 Β,
1258 2799 1370 2867 inquam

169 2889 298 2945 abierunt
315 2889 381 2958 pebi
401 2886 461 2940 01).
482 2918 513 2927 —-
551 2891 593 2942 31.
625 2889 696 2956 Quid
715 2890 756 2958 B,
786 2891 852 2959 quid
874 2890 927 2944 01)
945 2919 978 2928 ·—
997 2889 1074 2943 abire
1096 2890 1136 2958 B,
1161 2889 1247 2941 Abire
1269 2888 1319 2940 01)
1337 2915 1370 2924 -

169 2977 198 3029 ni
215 2993 347 3045 properae
365 2977 401 3044 Α,
421 2975 451 3027 ni
468 2992 586 3044 propere
604 2978 639 3047 Β,
657 2979 815 3047 mipropera
830 2978 860 3047 0,
879 2978 917 3031 mi
934 2993 1053 3046 propere
1066 2975 1095 3028 D
1113 3007 1147 3017 —
1165 2975 1265 3043 grandi
1282 2974 1371 3045 gradu

169 3066 205 3132 Α,
224 3063 324 3134 grandi
342 3079 406 3130 gree
424 3066 482 3132 Βο,
501 3064 665 3133 grandigrae
685 3065 722 3118 D.
747 3099 771 3107 -
812 3067 855 3120 32.
886 3065 944 3117 lem
960 3063 1055 3118 hercle
1075 3080 1125 3130 ego
1139 3064 1174 3130 Α,
1193 3062 1253 3116 Iam
1271 3079 1323 3131 ego
1335 3062 1370 3129 B,

169 3151 224 3204 iam
242 3168 294 3220 ego
316 3150 369 3203 01)
387 3181 421 3191 -
438 3151 506 3204 istos
525 3153 561 3220 Α,
581 3152 651 3204 istoc
669 3151 755 3204 BOD
772 3184 807 3193 -
825 3153 990 3221 compositos
1009 3154 1045 3219 Α,
1064 3150 1227 3218 conpositae·
1240 3151 1276 3218 B,
1290 3149 1372 3204 'Com-

94 3305 97 3313 '
170 3239 274 3305 poeitoe
296 3238 349 3290 OD
374 3267 405 3278 -
430 3237 571 3291 cincinnos
590 3239 657 3306 AB,
689 3239 785 3291 einnos
807 3238 863 3290 01).
892 3269 920 3278 -
960 3240 1001 3292 33.
1032 3239 1224 3307 Vnguentatoe
1244 3238 1284 3304 A,
1318 3235 1372 3292 Vni

170 3327 298 3378 uenteioe
319 3324 359 3393 B,
393 3325 440 3378 uni
456 3327 584 3378 uentatos
606 3323 642 3392 0,
672 3327 849 3379 uniueniatee
867 3325 928 3392 Da,
961 3327 1145 3393 unguentatos
1164 3324 1210 3376 Db
1230 3353 1261 3362 -
1280 3339 1372 3391 usq·e

171 3412 285 3466 cerebro
304 3415 344 3480 Α,
362 3429 448 3480 usque
468 3429 500 3465 ex
520 3411 633 3464 cerebro
652 3411 693 3480 B,
712 3429 798 3481 usque
817 3412 965 3466 excerebro
987 3412 1023 3479 0,
1042 3429 1128 3480 usque
1148 3429 1181 3465 ex
1200 3411 1299 3464 eerbro
1316 3410 1372 3476 Da,

57 3497 61 3504 ’
172 3517 258 3567 usque
276 3517 310 3552 ex
328 3500 441 3554 cerebro
460 3498 506 3551 Db
529 3528 557 3536 -
577 3498 695 3551 euellam
712 3503 748 3567 Α,
768 3500 905 3569 expellam
918 3500 953 3568 1),
972 3498 1117 3567 Expellam
1134 3499 1184 3553 01)
1203 3529 1232 3539 -
1255 3514 1373 3566 quanam

173 3589 263 3655 gretie
282 3590 317 3656 A,
335 3604 453 3656 quanam
471 3589 534 3656 gret
554 3587 587 3655 B,
607 3603 725 3654 quanam
744 3589 847 3657 gratiae
870 3588 899 3657 0,
918 3593 1007 3655 quani
1025 3593 1088 3666 grie
1106 3587 1144 3641 D.
1163 3619 1196 3630 -
1233 3588 1276 3641 ³4.
1304 3585 1374 3652 Quia

174 3673 209 3726 ad
227 3673 294 3727 forie
312 3673 365 3742 (uel
381 3672 461 3738 fores)
481 3676 522 3742 A,
554 3673 623 3740 Quia
646 3676 714 3728 adeo
738 3675 811 3729 foras
831 3676 858 3727 B
875 3680 900 3726 et
918 3675 973 3728 nisi
989 3675 1059 3744 quod
1075 3676 1140 3742 quia
1161 3675 1196 3744 0,
1222 3676 1286 3742 quia
1305 3673 1374 3726 adeo

175 3758 246 3811 soree
265 3759 295 3810 D
309 3789 343 3798 —
361 3762 508 3829 unguentis
527 3766 611 3814 uncte
629 3779 658 3816 es
677 3778 742 3815 ausa
759 3767 795 3832 A,
814 3768 940 3831 unguent
957 3764 1051 3818 iuncte
1069 3765 1101 3816 eie
1120 3763 1203 3816 eudes
1219 3760 1302 3814 BOD
1321 3757 1376 3811 nisi

175 3845 245 3914 quod
260 3845 358 3898 Iuncta
380 3846 432 3899 01)
450 3852 474 3899 et
492 3864 551 3901 esee
573 3850 602 3902 0.
622 3879 656 3888 -

177 4017 239 4070 brae
256 4017 473 4088 Moit.l,1,1e:
505 4036 551 4071 rue
575 4017 644 4071 mili
665 4023 693 4069 tu
716 4018 759 4069 ob·
825 4020 867 4072 33.
903 4036 983 4088 usque
1000 4028 1014 4068 'e
1033 4017 1138 4070 cerebro
1156 4016 1241 4071 Stich.
1255 4016 1287 4082 V,
1302 4018 1326 4082 5,
1341 4017 1375 4066 20

177 4104 266 4158 iactae.
288 4135 318 4146 -
356 4111 384 4158 ut
414 4105 535 4158 nancta’s
565 4107 668 4159 ironice
697 4123 760 4174 pro:
790 4122 871 4176 aeque
888 4124 920 4158 ee
937 4104 1101 4174 unyue‘eulti,
1123 4105 1199 4172 Capi.
1218 4104 1265 4170 ΙΙΙ,
1285 4105 1310 4168 4,
1331 4103 1375 4168 123

178 4193 291 4246 minime
302 4210 347 4246 me
355 4194 441 4261 pudet
449 4192 530 4246 huius
539 4193 642 4261 probri.
662 4193 760 4246 Baeeh.
791 4193 853 4246 Aul.
871 4192 905 4259 ΙΙ,
926 4194 949 4256 2,
970 4192 1011 4244 Ι).

179 4280 649 4348 Μᾶψὼῄᾞᾷωώ
