2956 4852
153 324 173 365 Χ

153 487 275 553 tionem
296 505 362 550 uon
384 482 574 565 indagauit,
607 483 643 547 id
663 482 762 547 uelim
784 503 825 546 ne
847 484 928 548 uitio
950 489 1098 548 uertatur
1119 484 1191 548 uiro
1212 483 1360 548 doctissi-

153 608 216 667 mo,
239 587 357 671 quippe
379 585 434 668 qui
456 605 520 648 non
542 589 671 647 tantum
694 584 847 667 temporis
871 591 1027 667 quantum
1050 607 1109 668 ogo
1131 586 1166 649 in
1188 585 1360 668 inspicien-

154 690 196 755 do
225 690 308 754 libro
329 686 543 752 ambrosiano
571 706 758 750 consumere
779 686 932 768 potuerit.
976 688 1079 751 Immo
1099 687 1237 751 libenter
1257 693 1361 752 tactor

155 812 206 856 me
228 788 454 874 Geppertianis
478 787 669 851 lectionibus
698 788 796 851 etiam
824 785 913 850 falsis
940 807 1142 871 summopere
1171 808 1241 852 esse
1268 788 1360 867 adiu·¹

155 898 256 972 tum,
281 897 319 955 ut
339 890 392 953 bic
415 908 542 971 quoque
563 886 643 952 illud
664 888 883 971 Aristippeum
909 888 1035 953 ualeat:
1072 885 1115 953 τὰ
1136 886 1196 970 μὲν
1216 884 1360 974 κρείσσω

55 1035 58 1039 ,
157 993 270 1080 ζητεῖν,
293 988 336 1057 τὰ
357 988 394 1056 δὲ
416 985 566 1075 παρόντα
587 985 740 1072 στέργειν.
784 989 983 1056 Adseuerare
1004 996 1113 1055 autem
1128 1012 1273 1074 possum,¹
1290 991 1360 1057 ubi·

156 1115 292 1178 cumque
314 1113 404 1157 meae
425 1092 578 1157 lectiones
600 1112 621 1155 a
643 1091 866 1175 Geppertianis
892 1091 1088 1174 discrepent,
1125 1093 1361 1176 Geppertianaa

156 1218 228 1263 cum
251 1195 369 1260 codicis
391 1194 541 1259 ductibus
562 1215 627 1258 non
649 1192 820 1257 conuenire
842 1192 958 1256 iterum
980 1200 1078 1276 atque
1098 1194 1215 1258 iterum
1236 1194 1361 1278 inspec-

156 1300 199 1364 tis
220 1296 416 1362 membranis
437 1316 488 1360 me
510 1295 589 1358 mihi
611 1294 837 1377 persuasisse.“

244 1399 373 1481 „Neque
399 1418 476 1462 uero
505 1417 576 1460 cum
605 1416 720 1481 magno
749 1395 935 1458 Truculenti
967 1395 1136 1459 Plautinae
1167 1396 1360 1461 detrimento

158 1502 221 1566 duo
244 1501 433 1583 fragmenta,
458 1518 540 1581 quae
563 1498 605 1561 ad
627 1497 711 1560 banc
732 1495 874 1560 fabulam
896 1497 1068 1579 pertinent,
1093 1497 1145 1560 uir
1160 1496 1361 1562 doctissimus

158 1603 287 1668 omnino
310 1599 531 1684 praeteruidit.
575 1598 640 1664 Sub
663 1597 760 1663 finem
782 1598 866 1663 enim
891 1597 1008 1661 codicis
1024 1597 1189 1662 Bobiensis
1209 1619 1274 1662 non
1290 1600 1362 1667 uul-

157 1705 207 1769 lae
236 1708 350 1768 extant
376 1700 526 1766 foliorum
555 1701 711 1777 laciniae,
749 1700 864 1782 quibus
885 1699 1027 1780 Angelus
1049 1700 1154 1764 Maius
1176 1698 1282 1765 nullos
1303 1722 1361 1764 nu·

159 1827 264 1870 mcros
287 1804 466 1888 inscripsit3
489 1804 522 1867 in
544 1802 594 1866 bis
617 1802 699 1866 duae
723 1807 798 1865 sunt
820 1802 905 1864 iuter
927 1822 960 1864 se
982 1799 1200 1879 cohaerentes,
1225 1821 1306 1884 quas
1328 1803 1362 1866 in

159 1908 311 1989 uulgatae
343 1912 496 1970 conttexu
461 1905 604 1969 tolim
632 1904 766 1986 paginas
788 1907 870 1980 483,
893 1907 1011 1966 484et
1032 1907 1112 1981 493,
1134 1907 1197 1966 494
1224 1901 1363 1968 fuissec

160 2032 218 2076 con
221 2015 274 2073 ex
276 2015 327 2072 us
358 2006 471 2071 Biblici
501 2011 652 2090 computa
633 2006 740 2069 atione
773 2009 899 2067 constat
901 2003 1027 2067 ,Το4
1014 2009 1081 2067 tum
1114 2009 1221 2067 autem
1251 2001 1362 2068 folium

160 2115 232 2190 483,
256 2114 318 2173 484
349 2114 442 2192 praet
444 2130 478 2172 44
428 2108 629 2173 41444444
658 2107 819 2220 margines
848 2111 880 2169 44
901 2127 1079 2188 perpaucas
1101 2106 1236 2170 lacinias
1258 2106 1363 2189 gallae

159 2219 403 2296 temporumque
427 2210 459 2274 ui
482 2214 706 2293 consumptum
729 2207 825 2291 periit
833 2227 840 2286 ς
864 2214 898 2271 at
899 2213 1008 2271 tamen
1030 2207 1215 2271 Truculenti
1242 2208 1363 2271 exitum

160 2315 205 2379 ibi
234 2319 401 2378 exaratum
429 2311 526 2375 444444
556 2331 596 2375 ex
624 2310 674 2374 his
704 2331 786 2393 quae
815 2309 901 2373 infra
930 2310 1067 2376 scribam
1089 2328 1241 2374 uersuum
1263 2309 1365 2375 initiis

160 2415 298 2500 paginae
320 2406 383 2478 483
407 2417 557 2496 apparet:
592 2435 622 2476 u.
648 2417 665 2477 3
694 2410 1111 2476 Laruas-affluam
1134 2411 1186 2496 (=
1209 2411 1302 2475 Truc.
1325 2411 1364 2491 V,

162 2517 235 2602 57),
263 2521 283 2580 4
312 2513 691 2592 S····USATQ·INSAN
713 2514 767 2595 (V,
791 2516 867 2596 58),
899 2518 915 2574 7
945 2512 1000 2576 TA
1024 2517 1109 2592 (61),
1139 2513 1316 2596 811(62),
1345 2518 1363 2578 9

162 2617 244 2683 TUP
267 2621 346 2698 (63),
372 2620 410 2680 10
432 2615 630 2680 PECUAAD
654 2619 736 2698 (64),
763 2621 798 2678 ll
824 2615 851 2691 Q
874 2618 958 2694 (65),
984 2618 1022 2677 14
1045 2613 1072 2692 Q
1095 2619 1161 2692 (67,
1185 2620 1217 2679 44
1239 2615 1273 2678 44
1294 2634 1366 2678 uer-

162 2740 216 2829 sus
247 2718 335 2782 exitu
363 2718 396 2780 in
429 2719 573 2802 margine
602 2717 718 2780 litteris
748 2716 925 2780 minoribus
946 2715 1036 2797 Em),
1068 2721 1105 2780 15
1129 2717 1185 2782 'PU
1208 2720 1291 2799 (68),
1328 2721 1365 2781 16

166 2819 303 2900 ·'··6U(
307 2825 357 2903 9,)
394 2824 429 2883 17
453 2820 479 2883 F
502 2823 583 2900 (76).
628 2819 725 2883 Ρ4444
711 2825 801 2883 44444
823 2817 986 2883 sciendum
1009 2823 1058 2883 est
1044 2818 1212 2883 tfabulae
1233 2820 1274 2883 tit
1261 2816 1366 2883 tulum

163 2922 363 3006 marginibus
395 2921 610 3005 superioribus
639 2942 712 2985 eum
740 2923 773 2985 in
802 2921 931 2985 modum
939 2942 1019 3021 pcr
1048 2921 1128 2985 duas
1155 2921 1289 3025 paginas
1319 2920 1366 2983 di-

164 3045 264 3109 spesci
257 3022 393 3102 solere,
408 3023 469 3086 44
460 3045 493 3086 44
509 3022 585 3087 44144
601 3044 694 3087 44444
710 3022 869 3086 scribatur
877 3003 1053 3100 TRUCU
1044 3045 1078 3086 111
1094 3029 1162 3087 rect
1149 3005 1365 3088 tonitrus.

163 3127 260 3191 Parte
291 3131 349 3188 aut
350 3145 400 3188 em
430 3124 562 3187 sinistra
587 3124 742 3206 marginis
764 3125 936 3208 superioris
957 3125 1053 3189 bodie
1075 3123 1189 3190 auulsa
1211 3124 1250 3189 de
1269 3126 1311 3189 tit
1299 3123 1367 3190 tulo

163 3227 301 3312 paginae
332 3230 394 3290 483
424 3225 506 3289 441441
533 3225 595 3289 4444
624 3224 702 3290 TUS
735 3225 789 3290 litt
761 3230 864 3290 444444
896 3232 1068 3310 supersunt
1103 3247 1184 3310 quas
1218 3227 1293 3291 olim
1324 3227 1368 3292 ad

164 3326 363 3416 (LENJTUS
385 3326 577 3411 pertinuisse
598 3326 667 3391 ueri
691 3333 740 3392 est
761 3327 976 3409 simillimum;
999 3350 1058 3393 nec
1079 3329 1271 3393 contradicit
1292 3328 1368 3395 huic

165 3433 368 3497 coniecturae
398 3429 558 3512 obliquior
586 3428 696 3493 trabes
726 3430 842 3494 tertiae
871 3430 911 3494 ab
943 3430 1032 3494 exitu
1058 3430 1186 3494 litterae
1209 3433 1319 3515 (quam
1342 3431 1367 3495 T

165 3531 263 3598 fuisse
286 3535 446 3618 oportet),
481 3530 633 3614 quoniam
655 3531 754 3597 laceri
775 3532 930 3616 marginis
952 3520 1044 3598 tabes
1066 3532 1180 3597 nimios
1202 3531 1369 3616 scrupulos

165 3635 289 3699 irridet.
333 3634 465 3699 Accedit
487 3636 572 3718 quod
593 3636 679 3699 inter
700 3636 840 3700 incertas
863 3636 1046 3721 palimpesti
1070 3634 1212 3715 14444444,
1236 3655 1319 3717 quae
1334 3636 1367 3698 44

166 3736 361 3803 bibliotheca
383 3736 596 3800 Ambrosiana
618 3758 760 3802 seorsum
782 3739 1016 3818 adseruantur,
1052 3739 1206 3821 marginis
1232 3737 1368 3801 alicuius

165 3858 242 3923 pars
263 3839 295 3901 in
298 3839 397 3902 terior
417 3838 601 3918 inuenitur,
638 3840 672 3903 in
701 3840 792 3903 cuius
813 3840 948 3923 inscript
950 3841 1021 3903 4444
1043 3841 1097 3905 litt
1070 3847 1172 3904 tterae
1194 3838 1277 3903 TEN
1299 3844 1369 3902 tam

166 3939 310 4004 14441444
296 3945 346 4003 444
367 3945 541 4022 apparent,
573 3940 721 4005 uthoc
712 3962 782 4024 rpso
803 3941 982 4024 fragmento
949 3942 1116 4004 44414444
1139 3945 1211 4020 483,
1234 3945 1298 4004 484
1320 3961 1369 4004 re·

167 4042 324 4106 sarcinari
346 4046 379 4104 et
393 4047 533 4124 possoet
520 4041 667 4108 tdebere
690 4043 800 4107 uideat
786 4048 848 4106 tur.
893 4042 1043 4120 Quodsi
1033 4064 1066 4106 444
1088 4062 1185 4106 uersu
1199 4043 1295 4106 tertio
1312 4062 1370 4125 pa·

167 4144 261 4227 giuae
292 4149 374 4223 483,
412 4143 467 4207 ubi
493 4143 909 4210 LEP··US··CASTORM
938 4145 973 4225 (4.
990 4165 1017 4208 4.
1041 4145 1176 4209 44444444
1200 4143 1369 4226 Lep(id)us

168 4249 350 4327 (4444444444
379 4244 565 4326 mortalis»
594 4245 719 4311 litteras
747 4252 859 4311 extare
888 4267 986 4330 supra
1007 4247 1095 4325 dixi,
1131 4266 1243 4310 uorsus
1266 4245 1303 4324 V,
1327 4252 1366 4309 57
1447 4299 1449 4304 .
