2956 4852
587 985 833 1111 Prologus.

264 1275 460 1360 Perptruam
483 1280 608 1359 partem
631 1275 776 1359 pdstuIat
796 1277 931 1343 Plautus
953 1280 1015 1346 loci

263 1378 310 1442 De
332 1376 451 1442 uostris
472 1378 596 1462 magnis
618 1377 715 1462 itque
737 1381 880 1444 amoenis
900 1381 1076 1463 motnibus,

262 1478 405 1545 Athtnas
427 1500 491 1562 quo
512 1480 583 1544 sine
603 1478 787 1546 {architectis
809 1480 963 1548 odnforat.

261 1581 344 1659 Quid
365 1581 473 1646 nimo?
494 1581 625 1646 daturin
649 1580 789 1646 estinan
812 1586 898 1648 non?
919 1621 961 1632 -
983 1584 1137 1650 ridnuont.
1387 1653 1392 1660 ,

248 1684 366 1747 ·0rcdo
389 1681 538 1767 siquidem
560 1683 665 1763 uobis,
688 1705 739 1748 me
761 1684 943 1750 athletarum
967 1686 1035 1752 aine
1056 1708 1156 1752 mora.
1251 1748 1255 1754 .
1327 1692 1343 1741 ⁵

260 1785 343 1863 Quid
365 1785 393 1849 si
413 1784 453 1849 de
475 1791 584 1851 uostro
607 1785 773 1869 quippiam
787 1787 907 1850 orem?
930 1827 968 1835 -
991 1787 1146 1853 ibnuont.

260 1887 309 1950 Eu
331 1885 439 1951 hercle
460 1887 495 1951 in
518 1886 609 1952 uobis
630 1886 773 1952 resident
794 1881 899 1953 morea
920 1889 1057 1973 pristini,

178 2073 364 2130 PROLOGVS
383 2074 419 2139 Β,
440 2074 609 2131 EXPLICIT
626 2075 708 2130 ARG·
727 2074 921 2131 PROLOGVS·
938 2077 1071 2131 INCIPIT
1087 2077 1118 2141 0,
1139 2077 1167 2128 in
1182 2076 1213 2129 D
1228 2077 1311 2131 PRO·

104 2163 188 2219 LOG‘
210 2167 240 2214 at
264 2177 353 2214 omaea
374 2179 553 2230 perrenorum
572 2165 648 2214 notan
667 2160 771 2214 addidit
788 2162 843 2217 Do.
867 2193 891 2202 -
935 2162 1010 2218 1-3.
1038 2164 1156 2233 afferunt
1172 2163 1258 2216 Prior.
1279 2165 1310 2216 da

104 2255 183 2304 matr.
208 2248 269 2302 Tor.
291 2265 314 2300 c.
335 2250 360 2310 2,
383 2250 416 2306 9,·
448 2249 531 2317 Apul.
551 2248 627 2304 Flor.
648 2267 678 2318 p.
700 2251 745 2303 28.
764 2250 870 2319 Kruep.
900 2281 930 2289 -
963 2268 1108 2319 erparuam
1135 2267 1195 2301 cum
1221 2251 1309 2319 spatio

105 2335 211 2392 initiari
226 2333 320 2388 relicto
338 2333 366 2387 ia
378 2335 476 2404 fronto
494 2334 525 2387 D
542 2339 701 2405 -partem
719 2336 828 2396 Prior„-
858 2338 960 2407 partim
978 2339 1082 2407 Aput:
1117 2341 1206 2391 artem
1225 2338 1310 2390 BOD

105 2455 139 2465 -
160 2424 275 2478 Plautus
292 2421 347 2477 loci
365 2420 472 2478 Pron,-
492 2422 598 2490 Apul.,·
623 2424 719 2492 plaudi
736 2425 798 2479 locu
819 2425 909 2478 BCD.
929 2457 962 2468 -
999 2428 1024 2478 2.
1049 2426 1083 2479 de
1101 2426 1202 2479 uestris
1221 2423 1308 2479 Prisc.

102 2512 207 2582 Apol.,·
227 2511 288 2564 Deir
302 2509 356 2563 cria
368 2509 404 2575 B,
425 2508 507 2562 deum
520 2509 574 2562 eris
589 2509 643 2562 oD
662 2541 693 2550 -
714 2512 843 2593 menibus
862 2512 900 2566 D.
922 2541 948 2551 -
983 2516 1008 2566 3.
1031 2513 1190 2567 architectis
1203 2511 1307 2567 Prota:

102 2599 205 2668 Apula
226 2614 306 2651 arcus
324 2595 406 2665 pletis
419 2594 481 2663 Bu,
500 2598 654 2666 arouepetis
672 2597 720 2651 Da
736 2604 761 2650 et
778 2600 788 2651 I
806 2616 886 2668 anper
903 2618 922 2667 p
939 2598 1069 2669 irretitum
1088 2599 1143 2653 Do.
1160 2629 1187 2638 -
1217 2601 1243 2651 4.
1262 2600 1308 2652 da·

102 2686 162 2741 turi
179 2685 266 2739 nautia
284 2684 338 2747 Β,
351 2683 463 2737 daturin
483 2684 549 2736 estis
570 2683 631 2748 01),
659 2683 716 2737 ariri
731 2686 802 2755 quod
819 2703 834 2739 e
853 2704 870 2737 a
888 2686 936 2738 Da
955 2704 987 2738 ex
1004 2704 1021 2740 0
1039 2688 1144 2753 facttum
1164 2691 1203 2737 eat
1220 2716 1254 2727 -
1273 2702 1308 2738 an

101 2772 171 2840 ΒΟ,
196 2770 248 2838 ad¹¹
269 2769 328 2838 (rio)
346 2770 377 2823 D
396 2800 427 2811 -
447 2771 554 2824 adnunt
571 2772 610 2840 Β,
640 2776 665 2822 et
683 2789 742 2824 cum
761 2791 845 2825 uacuo
863 2773 949 2842 spatio
970 2774 1006 2841 0,
1032 2774 1141 2827 adnunc
1159 2773 1198 2825 D.
1217 2801 1251 2810 —
1282 2775 1306 2824 6.

102 2860 187 2915 credo
206 2858 332 2927 equidem
352 2858 466 2927 spem:
485 2858 586 2913 Melior
602 2876 647 2912 me
666 2858 750 2927 quide
770 2860 804 2927 Β,
823 2861 921 2913 melior
938 2877 983 2913 me
1001 2860 1112 2928 quidem
1135 2858 1188 2911 01)
1207 2859 1306 2911 -ab-

100 2949 225 3002 laturum
244 2947 275 3014 Z,
294 2944 451 2999 abiaturum
471 2946 561 2999 BOD.
580 2976 613 2984 -
650 2948 675 2999 6.
699 2949 794 3000 nostro
814 2946 849 3015 B,
868 2950 920 3001 uro
941 2947 994 3000 01)
1015 2976 1040 2986 -
1064 2965 1111 3001 ore
1132 2946 1185 2999 01)
1203 2976 1235 2985 —
1259 2946 1305 2998 ab·

100 3036 193 3090 nuunt
213 3033 307 3091 Cama
328 3031 455 3086 abduunt
474 3032 567 3086 BOD.
585 3065 619 3075 -
656 3031 680 3086 7.
706 3050 739 3087 en
759 3034 853 3088 hercle
876 3036 990 3103 Spcnp.;
1016 3033 1059 3087 Eu
1076 3034 1170 3088 hercle
1187 3034 1223 3101 Β,
1242 3050 1304 3086 cum

99 3120 195 3176 hercle
216 3119 270 3172 01>
288 3149 321 3158 -
340 3119 370 3172 in
386 3118 466 3173 uobis
488 3119 583 3177 Cam.,·
603 3120 722 3175 inuodiir
742 3121 782 3189 B,
800 3122 830 3174 in
848 3121 919 3176 odiia
938 3121 982 3190 D,
1000 3121 1100 3175 iuodiis
1122 3121 1145 3175 0
1162 3152 1196 3160 -
1213 3137 1304 3174 morea

104 3207 168 3277 CD,
186 3223 263 3262 mora
280 3206 317 3259 B.
335 3237 370 3247 -
768 3218 770 3222 ·

142 3381 164 3431 l.
199 3377 396 3431 Animaduerte
423 3376 623 3446 quintuplioem
649 3378 688 3430 al·
715 3379 808 3433 hiatus
832 3380 906 3433 inter
930 3397 1003 3431 orem
1028 3383 1057 3432 et
1079 3378 1196 3431 abnuant
1220 3396 1301 3446 quem

97 3464 312 3520 litterationem:
325 3465 495 3534 perparuam
503 3468 615 3533 partem
623 3482 689 3534 poa·
716 3483 782 3519 caue
800 3467 949 3520 remoueria
968 3465 1131 3535 interposito
1154 3483 1193 3516 en.
1228 3464 1300 3519 Nam

99 3553 177 3607 tulat
192 3551 330 3622 Plautua',
359 3553 433 3607 unde
451 3552 687 3621 elegantissimum
715 3557 744 3606 et
765 3569 852 3622 pausa
877 3553 1009 3606 orationis
1033 3552 1107 3605 inter
1130 3552 1254 3620 rogantia
1273 3557 1302 3606 et

97 3640 244 3696 exordium
275 3640 309 3694 iit
338 3640 462 3709 prologo.
502 3639 565 3693 Non
595 3641 686 3695 minua
714 3639 906 3709 respondentis
924 3640 1009 3693 verba
1033 3640 1183 3694 intercedit
1200 3642 1228 3693 et
1245 3658 1300 3694 uno

98 3730 244 3799 eleganter
261 3727 359 3782 eadem
375 3727 470 3780 littera
488 3727 595 3781 luditur
612 3729 685 3784 Men.
714 3728 850 3782 uocabulo
868 3726 984 3780 abnuant
1000 3728 1200 3795 respondeatur
1221 3745 1301 3795 opor·

95 3815 257 3884 11‚1,ar:
293 3814 359 3867 Noa
375 3813 465 3882 potuit
483 3814 581 3883 panerio
601 3817 687 3886 plura
715 3819 775 3883 tet,
806 3815 871 3884 quia
898 3830 982 3882 supra
1006 3819 1067 3867 v.4
1091 3832 1147 3868 uno
1165 3815 1300 3871 uocabulo

90 3901 179 3976 plano
191 3898 328 3970 proloqui.
363 3899 457 3955 Etiam
469 3902 595 3970 proximo
605 3920 687 3957 uersu
716 3902 834 3955 adnuunt
850 3901 1080 3969 respondebatur.

95 3988 263 4045 allitteratio
279 3991 322 4042 eat
339 3987 457 4041 amoam'o
475 3988 621 4044 maenidia.
751 3988 775 4043 7.
810 3988 1004 4057 Uulgabantur
1040 4006 1073 4040 en
1107 3986 1236 4039 malacia
1271 3989 1301 4040 et

134 4081 160 4130 d.
196 4076 273 4130 aedo
291 4076 327 4131 oi.
339 4076 483 4145 Merc.IV‚
499 4080 521 4146 1,
535 4080 577 4131 23.
713 4075 783 4130 caim
796 4075 891 4145 traca,
911 4078 1040 4128 neutrum
1052 4074 1219 4128 Plautinum.
1239 4091 1298 4126 eum

120 4167 159 4219 .6.
193 4163 358 4219 minume
376 4182 406 4220 ae
416 4164 504 4220 habet
514 4165 684 4234 syllabarum
713 4181 748 4220 ex
769 4168 1002 4231 momumento,
1033 4162 1134 4218 ood.B
1159 4161 1298 4232 scriptura
