2956 4852
119 309 164 351 m

116 493 192 538 cum
212 472 247 539 iu
267 472 388 557 pagiua
407 474 472 537 484
492 467 679 536 Truculenti
701 468 805 533 exitus
826 471 964 554 scriptus
985 470 1092 551 fuerit,
1114 472 1228 538 folium
1247 479 1319 554 493,

117 579 183 640 494
211 595 276 640 nou
304 575 348 639 ad
374 573 606 639 Truculentum
635 576 781 654 spectare
809 572 866 636 sed
895 572 936 636 ad
963 593 1034 637 eam
1064 572 1208 638 fabulam
1237 595 1319 658 quae

117 675 349 742 Trnculentnm
376 675 454 740 olim
483 671 663 758 excipiebat
689 670 711 737 i.
727 693 755 737 e.
778 671 822 738 ad
844 673 1029 740 Vidulariae
1051 695 1186 741 scaenas
1208 676 1320 761 deper-

116 777 233 847 ditaa‘

26 856 35 874 l
202 877 286 959 „sed
307 897 347 942 ex
368 876 430 942 hoc
451 875 516 940 alia
536 874 629 941 uobis
650 875 795 958 quaestio
818 876 976 942 exoritur:
999 884 1143 963 superest
1164 880 1259 959 anim,
1282 886 1319 944 ut

116 980 160 1046 ad
186 1001 282 1064 quem
309 978 554 1062 quaternionem
581 976 753 1055 15115483,
775 980 838 1042 484
859 982 985 1056 51493,
1009 984 1072 1045 494
1093 981 1317 1065 pertinuerint.

116 1088 150 1148 et
178 1088 258 1166 quot
285 1081 370 1147 toliis
398 1079 518 1144 interse
547 1084 715 1162 separatae
743 1078 864 1142 fuerint
884 1078 993 1162 aliqua
1016 1083 1242 1165 probabilitate
1264 1082 1318 1147 de·

116 1189 329 1261 monstretur,
363 1199 404 1246 na
425 1180 592 1245 recondita
612 1180 752 1263 quadam
774 1180 899 1245 ratione
921 1180 1001 1248 haec
1022 1186 1130 1249 omnia
1151 1184 1227 1249 ficta
1248 1204 1317 1249 esse

115 1285 290 1351 uideantur
311 1282 367 1347 sed
389 1281 508 1345 sintin
530 1281 711 1364 propatulo.
746 1280 832 1345 dixit
853 1282 967 1364 igitur,
997 1291 1034 1350 ut
1056 1287 1211 1366 diximus,
1240 1306 1317 1369 qua»

115 1385 219 1451 ternio
240 1385 298 1450 Lx
325 1386 359 1448 in
380 1404 509 1448 uersum
531 1381 718 1446 Truculenti
740 1381 782 1460 ΙΙ,
804 1387 834 1459 4,
858 1386 914 1462 363
952 1387 1071 1468 pagiua
1101 1408 1178 1451 uero
1206 1391 1268 1451 483
1297 1407 1318 1450 a

115 1488 155 1565 V,
178 1492 219 1552 55
246 1487 375 1551 circiter
396 1483 577 1549 incohabat.
607 1481 816 1548 interuallum
839 1490 947 1548 autem
969 1487 1055 1568 quod
1077 1488 1211 1552 interest
1233 1490 1318 1552 iuter
1421 1536 1424 1542 .

115 1611 146 1655 u.
169 1589 212 1668 11,
233 1595 269 1667 4,
292 1593 333 1653 36
356 1592 389 1652 51
409 1587 447 1666 V,
470 1590 510 1650 55
533 1585 708 1651 secundum
730 1583 951 1650 Palatinarum
974 1587 1142 1653 lectionem
1164 1589 1316 1672 impletur

114 1691 242 1757 circiter
268 1693 304 1753 12
327 1708 516 1753 scaenarum
538 1681 799 1770 inscriptionibus
822 1685 965 1765 (515524
988 1690 1161 1770 uersibus),
1187 1695 1246 1754 123
1270 1713 1317 1756 se·

114 1793 233 1871 uariis,
271 1795 332 1855 315
362 1789 554 1873 septenariis
583 1797 734 1871 (quorum
762 1787 909 1852 nonnulli
930 1796 1062 1873 propter
1083 1792 1317 1874 longitudinem

114 1893 259 1978 bipertiti
281 1892 426 1972 suerunt)
449 1895 481 1954 et
503 1889 705 1954 liberioribus
726 1888 847 1964 metris,
870 1910 953 1972 quae
975 1893 1072 1976 paulo
1094 1894 1203 1977 plures
1219 1916 1316 1977 quam

117 1999 177 2062 198
199 2014 312 2058 uersus
339 1992 467 2056 circiter
494 1992 528 2055 in
551 1993 584 2054 A
607 2009 777 2073 occupasse
798 1992 978 2073 putandum
1008 2000 1067 2058 eet.
1111 1995 1235 2060 Horum
1258 1996 1316 2079 igi-

113 2102 168 2163 1111·
196 2115 347 2166 uersuum
376 2114 500 2157 summa
522 2093 648 2158 circiter
672 2095 712 2155 116
732 2091 813 2168 ¹folla
835 2099 887 2163 (=
914 2098 976 2158 608
998 2100 1123 2178 uersus)
1146 2098 1214 2161 siue
1236 2099 1317 2163 duos

113 2196 342 2284 quaterniones
375 2196 517 2278 integros
553 2194 634 2275 (QV.
666 2193 740 2258 LXI
767 2198 801 2256 et
828 2193 933 2276 LXII)
966 2216 1138 2281 occupasse
1170 2198 1314 2264 uidetur:

113 2321 191 2381 ergo
212 2318 233 2363 a
253 2297 330 2363 solio
352 2303 424 2378 483,
447 2303 510 2363 484
532 2296 727 2382 incipiebat,
762 2294 798 2360 in
820 2300 895 2375 493,
916 2301 978 2361 494
1009 2299 1118 2364 exibat
1146 2301 1315 2382 quaternio

114 2401 232 2469 LXIII.

200 2501 312 2582 „Quod
341 2505 450 2565 autem
479 2500 559 2565 haec
587 2499 695 2565 omnia
723 2498 763 2563 de
792 2498 992 2585 palimpsesti
1023 2501 1168 2584 reliquiis
1197 2502 1315 2567 Tecum

113 2603 349 2673 communicare
371 2601 471 2686 potui,
493 2603 528 2668 id
549 2601 667 2684 insigni
689 2600 877 2665 liberalitati
893 2599 1153 2668 Clarissimorum
1166 2603 1316 2669 Virorum

113 2707 257 2784 (labetur,
279 2704 335 2788 qui
357 2704 570 2770 bibliothecae
594 2703 826 2768 Ambrosianae
847 2707 1031 2787 praesunt.“

199 2824 299 2906 „Vale
320 2829 353 2890 et
374 2846 425 2888 me
447 2845 556 2889 amare
577 2826 704 2909 perge.“

221 2977 341 3060 ,scrin
358 2977 530 3043 Mediolani
551 2978 586 3042 in
609 2976 808 3044 Bibliotheca
824 2975 1036 3042 ambrosiana
1058 2998 1087 3041 a.
1104 2977 1134 3042 d.
1152 2978 1223 3043 VII.
1239 2977 1312 3042 Kal.

358 3079 431 3145 Dec.
453 3100 483 3144 a.
510 3083 622 3144 1867.“

280 4266 368 4341 ‘Qpiu
383 4258 519 4332 expremit
535 4256 568 4310 Ε.
587 4255 620 4309 Α.
638 4253 731 4307 Huth
750 4253 939 4322 typographus
957 4251 1145 4308 Academicus.
