2956 4852
123 295 166 375 Il,
191 299 218 373 l,
245 297 377 359 13-17.
621 320 836 361 revocaturus.
1285 305 1324 365 37

207 480 405 546 Piaculumst
425 481 574 548 miserere
597 505 655 549 nos
676 484 840 548 hominium
862 507 929 549 rem
952 486 1036 550 male
1058 487 1235 570 gerentum.

208 582 306 648 Bonis
328 581 397 671 esse
419 589 545 666 oportet
567 584 717 650 dentibus
738 587 843 651 lenam
864 587 1014 670 probam:

207 683 363 750 Adridere
385 689 422 749 ut
444 686 578 768 quisque
600 688 712 761 ueniat
732 687 913 773 blandeque
935 690 1082 772 adloqui:
1116 691 1200 754 male
1229 691 1375 756 cordele

1090 793 1281 871 consultare,

207 887 293 952 Bene
314 888 426 970 lingua
448 888 544 970 loqui.
569 893 769 956 meretricem
791 891 890 956 sontis
912 893 1047 957 similem
1070 914 1138 958 esse
1160 892 1302 973 addecet,

207 989 404 1074 Quemquam
433 987 594 1058 bominem
621 994 780 1076 attigerit,
813 992 956 1077 proiecto
984 995 1014 1057 ei
1040 994 1096 1058 aot
1123 995 1243 1059 malum
1267 1003 1324 1060 aut

1003 1096 1178 1179 dampnum
1199 1097 1279 1161 dari.

123 1300 164 1353 13.
195 1299 362 1368 piaculumst
380 1303 415 1368 A,
434 1301 588 1355 Pilaculum
606 1305 648 1354 est
665 1305 698 1369 B,
717 1300 856 1368 piaculum
875 1303 917 1353 est
933 1301 962 1368 0,
980 1300 1092 1369 piaculi
1112 1306 1154 1355 est
1172 1302 1201 1353 D
1221 1332 1253 1340 -
1272 1303 1322 1356 mi·

120 1404 210 1440 serere
228 1404 278 1440 nos
298 1388 412 1456 Spano:
435 1389 528 1445 oruc,-
554 1389 678 1442 misereri
695 1407 745 1442 nos
765 1389 862 1456 ABG,
881 1388 1056 1441 misererinos
1075 1389 1105 1440 D
1123 1406 1233 1441 -rem
1251 1378 1323 1443 male

122 1475 153 1542 Z,
172 1473 213 1528 rei
230 1474 301 1528 male
319 1475 383 1544 AB,
402 1475 525 1528 Reimale
542 1479 569 1542 0,
589 1477 639 1529 Rei
656 1476 728 1529 male
748 1475 777 1525 D
804 1505 826 1512 —
847 1478 992 1544 gerentum
1010 1477 1073 1545 AB,
1091 1476 1246 1545 gerentium
1262 1477 1322 1529 01).

120 1590 155 1600 -—
194 1562 233 1613 14.
263 1562 342 1615 bonis
359 1562 410 1615 el)
429 1593 461 1602 -
481 1564 542 1617 leni
554 1564 584 1615 D
603 1563 771 1631 -probam
789 1564 824 1630 A,
843 1563 973 1630 probrum
992 1563 1081 1617 Boo.
1102 1594 1132 1602 —
1172 1567 1212 1616 15.
1242 1563 1323 1617 Adri-

119 1648 185 1702 dere
207 1647 317 1701 Aeco
340 1679 373 1688 -
397 1653 430 1703 ut
453 1652 539 1719 quisq·
559 1653 600 1718 A,
624 1650 747 1717 quisquis
772 1649 811 1717 B,
836 1649 897 1716 quis
921 1650 982 1717 quis
1005 1650 1056 1702 OD
1080 1681 1111 1688 -
1138 1650 1265 1719 blandeq·
1285 1653 1321 1719 A,

118 1735 221 1788 blande
238 1733 348 1804 qub‘B,
367 1737 488 1804 blandeq
507 1738 537 1789 D
558 1768 584 1777 -
609 1736 720 1804 adloqui
737 1737 800 1803 AB,
820 1736 924 1804 alloqui
945 1737 996 1788 OD
1015 1767 1049 1776 -
1067 1737 1140 1790 Male
1158 1738 1186 1788 B
1205 1768 1235 1776 -
1257 1754 1320 1790 con-

118 1822 221 1875 sultore
239 1823 280 1890 A,
299 1824 449 1875 consultari
467 1825 508 1892 B,
533 1824 688 1877 Consultari
706 1822 763 1878 OD.
786 1853 813 1862 -
854 1826 895 1876 16.
927 1825 998 1877 bene
1016 1824 1099 1876 BCD
1118 1855 1149 1864 -
1169 1824 1265 1892 lingua
1282 1824 1321 1877 lo·

119 1908 167 1977 qui
184 1911 225 1977 A,
250 1910 326 1978 loqui
342 1911 437 1980 lingua
455 1911 523 1979 BD,
543 1912 713 1981 loquilingua
735 1912 808 1966 0-
826 1911 972 1963 meretrice
991 1910 1028 1978 D,
1047 1911 1222 1965 Meretricem
1243 1914 1269 1961 B
1287 1941 1320 1950 -

118 1996 203 2049 sentis
219 1996 337 2050 similem
355 2015 415 2051 esse
433 1999 548 2060 addecet
565 2001 601 2067 A,
622 2016 680 2052 esse
699 1998 816 2051 similem
836 1999 921 2051 sentis
940 1999 1073 2051 condecet
1086 1998 1170 2051 Boo
1188 1997 1243 2050 ni'ci
1253 1997 1323 2067 quod

117 2083 206 2136 simile
224 2083 261 2137 D.
284 2113 311 2123 -
353 2080 393 2137 17.
425 2085 593 2154 Quemquem
610 2089 646 2155 Α,
666 2087 808 2154 Quicquam
820 2089 853 2153 B,
873 2087 959 2152 Quem
977 2103 1059 2153 quem
1076 2089 1103 2153 0,
1123 2086 1182 2152 oue
1200 2085 1321 2158 quemD

118 2200 151 2210 —
171 2171 296 2239 attigerit
312 2174 352 2238 A,
384 2173 529 2241 attingerit
546 2174 628 2227 BCD
655 2204 686 2214 —
711 2173 735 2226 ei
761 2178 810 2226 aut
832 2175 871 2240 A,
904 2176 951 2226 aut
969 2173 1050 2226 BOD
1075 2204 1106 2212 -
1134 2175 1266 2226 damnum
1283 2173 1319 2240 A,

117 2259 266 2325 dampnum
283 2256 368 2310 BOD
390 2289 415 2297 -
437 2259 505 2311 Dari
526 2260 584 2312 01).
612 2292 632 2300 —

155 2450 195 2502 13.
232 2448 360 2500 conterere
383 2450 561 2504 scribendum
583 2454 643 2504 erat
666 2449 703 2503 ef·
732 2450 834 2518 quibus
857 2450 991 2503 transitus
1016 2455 1128 2518 paretur
1153 2466 1170 2501 a
1197 2448 1319 2501 numeris

115 2536 306 2606 flagitantibus
318 2537 447 2590 numeris.
465 2537 612 2590 Praeterea
621 2538 704 2592 ualde
732 2538 815 2590 iamb.
834 2538 878 2591 ad.
897 2536 987 2592 troch.
1023 2537 1119 2606 Neque
1142 2553 1209 2590 uero
1227 2536 1319 2605 negle-

116 2624 228 2692 dubito,
262 2641 296 2677 an
319 2625 432 2678 Plautus
462 2629 573 2692 praeter
597 2625 705 2677 miseret
732 2626 871 2694 gendum,
904 2625 987 2676 etiam
1016 2625 1178 2693 scriptorem
1201 2624 1260 2676 cod.
1286 2623 1317 2690 B,

117 2728 158 2763 mc
181 2711 265 2764 etiam
287 2710 418 2762 vaiomer·
438 2712 467 2764 in
490 2728 541 2764 usu
566 2712 702 2764 habuerit.
732 2713 779 2781 qui
808 2715 914 2765 rectam
937 2729 1068 2764 uersuum
1093 2710 1319 2763 distributionem

115 2798 187 2852 Nam
208 2798 307 2852 Pseud.
330 2798 351 2866 1,
377 2799 401 2864 3,
429 2799 491 2849 144:
523 2797 571 2865 qui
598 2816 640 2850 me
663 2798 704 2850 toi
731 2818 748 2852 a
765 2802 818 2853 u.l
840 2815 927 2866 usque
945 2799 981 2852 ad
998 2817 1024 2851 u.
1043 2799 1073 2848 13
1092 2797 1223 2863 seruauit,
1241 2815 1267 2848 u.
1283 2798 1315 2847 14

116 2882 240 2936 maerori
252 2884 374 2954 postulor
392 2883 474 2937 facile
492 2883 618 2936 miserere
637 2887 703 2940 sori·
731 2888 827 2940 eodem
856 2886 943 2938 uerbo
974 2883 1124 2952 (probrum)
1159 2883 1316 2936 terminare.

115 2971 202 3040 pseris
226 2976 254 3023 et
278 2971 354 3038 Capt.
373 2972 420 3039 ΙΙΙ,
441 2973 465 3038 5,
494 2969 557 3024 107:
588 2972 701 3025 neminie
730 2973 874 3042 (Proximis
898 2971 1025 3025 uersibus
1047 2971 1077 3023 in
1099 2971 1122 3022 Β
1146 2970 1214 3031 haec
1237 2987 1317 3024 uooa·
1392 3032 1396 3038 ,

116 3058 240 3110 misereri
263 3062 404 3121 certumst,
438 3057 500 3126 quio
523 3057 577 3109 mci
596 3059 702 3112 miseret
731 3062 797 3114 bula
814 3060 897 3113 finem
916 3060 1035 3112 faciunt:
1061 3057 1153 3127 linqua
1174 3088 1204 3097 -
1225 3059 1316 3109 conde-

115 3145 245 3200 nominem
286 3162 318 3198 eo
358 3145 539 3199 confidentius
576 3146 701 3198 incerere
731 3154 785 3210 cet5
821 3147 956 3215 sequitur:
992 3148 1152 3215 Quemquam
1171 3141 1246 3198 ‘boia
1267 3149 1314 3198 ott.
1413 3178 1418 3188 -

114 3234 183 3303 (scil.
196 3233 247 3300 me)
265 3250 386 3301 repono,
418 3235 491 3300 quod
517 3235 590 3287 inter
608 3252 637 3287 se
654 3254 701 3302 op·
728 3238 850 3305 profecto
876 3238 922 3286 aot
943 3233 1045 3284 molum
1064 3237 1238 3284 ordeaceum
1256 3249 1315 3282 noc·

115 3324 255 3390 ponuntur
273 3319 336 3389 (cic)
355 3320 463 3375 miseret
480 3320 593 3373 neminis
607 3326 635 3374 et
648 3322 702 3373 mei
729 3341 787 3375 cere
806 3327 835 3379 et
851 3338 951 3375 nouam
974 3321 1077 3372 lineam
1100 3323 1217 3386 occupat
1241 3319 1314 3370 dom-

115 3407 220 3459 miseret
238 3405 382 3470 neminem,
404 3425 458 3474 quo
477 3408 506 3460 in
525 3426 626 3477 genere
644 3427 699 3463 non
728 3429 792 3462 num
824 3409 903 3466 dori:
946 3408 1088 3476 proximae
1116 3409 1206 3460 lineae
1237 3410 1314 3460 sunt:

113 3497 184 3549 solet
195 3495 303 3546 uariare
316 3511 405 3548 sermo
417 3495 610 3548 Plautianu-
629 3515 695 3549 rem.
728 3498 875 3565 Nunquam
902 3513 957 3546 om.
984 3513 1037 3548 om.
1061 3500 1169 3547 meretr.
1195 3497 1313 3561 oportet:

113 3582 175 3637 Non
204 3581 327 3635 debebat
357 3580 401 3631 rei
432 3582 581 3636 defendere
607 3583 698 3638 Holtz.
726 3584 832 3650 reliqua
855 3600 918 3636 cum
940 3580 965 3633 A
989 3580 1178 3646 conueniunt.)
1220 3579 1314 3631 Nihilo

114 3672 184 3736 synt.
202 3669 224 3721 Ι.
242 3686 269 3736 p.
288 3666 348 3720 337.
729 3670 820 3723 minus
838 3668 968 3721 dubitare
991 3667 1058 3718 licet
1081 3666 1115 3718 de
1132 3666 1175 3718 his
1193 3665 1314 3717 numeris

151 3759 190 3807 14.
226 3756 259 3808 In
276 3754 301 3807 A
319 3772 449 3809 uersuum
461 3756 622 3810 distributio
635 3773 698 3810 oum
726 3759 754 3809 et
778 3756 865 3826 magis
894 3755 1024 3822 placeant
1054 3754 1109 3807 duo
1141 3756 1204 3806 tetr.
1229 3753 1313 3805 iamb.

113 3862 145 3898 eo
164 3844 238 3912 quod
257 3844 437 3911 supraposui
455 3846 580 3912 exemplo
599 3862 697 3898 conue·
726 3844 817 3898 deleto
837 3842 988 3910 blandoque.
1017 3870 1047 3880 -
1088 3839 1310 3903 comedentibus,

112 3933 161 4000 nit,
180 3931 253 3996 unde
270 3932 334 3998 post
353 3931 490 3984 senarium
506 3931 590 3985 hosce
604 3950 697 3985 nume·
725 3948 781 3985 non
803 3930 903 3998 quibus
922 3929 1048 3981 comedat
1065 3929 1139 3981 bona
1157 3930 1311 3980 amatorum

111 4037 156 4074 ros
175 4017 282 4072 elicias:
414 4002 416 4005 .
603 4075 608 4085 ,
725 4035 815 4085 neque
839 4017 913 4069 idem
938 4018 980 4068 est
1006 4018 1090 4082 atque
1113 4012 1238 4082 pulchris
1262 4012 1311 4066 sed

185 4100 329 4159 'Adridere
347 4108 379 4156 ut
396 4102 511 4172 quisque
527 4105 622 4158 ueniat
723 4105 836 4173 proprio
853 4118 942 4170 sensu,
961 4101 1060 4169 quibus
1074 4116 1182 4168 semper
1195 4100 1236 4152 uti
1248 4115 1310 4167 pos-

257 4192 416 4258 Blindeque
439 4192 551 4260 adloqui
725 4190 762 4244 sit
792 4190 828 4244 ad
857 4189 1039 4244 adridendum
1068 4186 1245 4240 amatoribus.
1276 4213 1310 4224 -

223 4278 298 4334 Male
317 4278 400 4334 corde
419 4278 582 4347 consultire,
726 4276 799 4329 bocio
817 4278 961 4345 monosyll.
