2956 4852
117 293 159 354 90
654 311 759 357 msvm
928 284 937 293 ’
1056 287 1100 369 11,
1122 292 1152 367 7,
1174 288 1314 355 672-69.

215 475 279 542 666
300 496 379 543 usru
402 476 470 543 sine
493 476 568 561 [md]
596 475 673 544 dum
699 479 809 560 petere
830 474 858 539 si
879 474 1008 559 quidem
1029 472 1316 560 belligerendumst

1153 581 1269 642 tecum.

215 673 281 745 'Abi
294 680 437 746 domum:
467 701 525 764 ego
541 678 656 759 noem,
677 677 821 759 bellator,
842 677 999 753 arbitrum
1014 700 1150 765 aequom
1164 677 1312 764 cdperim.

216 780 280 847 de
302 803 360 865 ego
382 803 468 848 cesso
490 781 565 846 hinc
586 803 637 847 me
659 780 794 860 emoliri,
816 779 930 852 uentre
952 781 1028 855 dum
1051 781 1142 848 salud
1163 781 1247 847 licet.

115 1042 157 1094 67.
187 1038 242 1094 Sed
260 1039 301 1105 B,
320 1039 368 1093 sed
390 1037 442 1091 CD
461 1067 491 1076 -
512 1055 581 1092 ueru
598 1037 679 1096 Azan·
709 1053 806 1093 uerum
823 1035 908 1089 BCD
926 1066 960 1075 -
978 1037 1037 1092 sine
1054 1054 1099 1093 me
1119 1038 1234 1113 Sponq.‚·
1255 1035 1314 1091 sine

114 1127 154 1195 B,
190 1127 255 1181 Sine
277 1126 330 1180 OD
355 1156 388 1165 -
414 1125 549 1194 siquidem
567 1123 652 1178 BOD
676 1155 707 1162 -
733 1124 951 1194 belligerandum
976 1129 1019 1179 est
1042 1124 1109 1194 ΒΟ,
1140 1123 1314 1194 belligerend

114 1217 157 1268 est
173 1213 229 1282 Da,
249 1201 440 1284 belligerandfl
459 1216 502 1266 est
519 1212 573 1268 Db.
593 1243 626 1252 -
663 1215 705 1267 68.
734 1212 790 1266 Abi
810 1212 923 1281 Spenqm
944 1215 996 1268 ebo
1009 1215 1044 1282 B,
1062 1213 1113 1268 Ibo
1129 1212 1181 1266 UD
1199 1242 1228 1251 -
1251 1211 1313 1282 Ego

113 1301 141 1355 Β
160 1331 192 1351 π-
211 1302 320 1357 boletos
342 1299 414 1354 0-,
434 1317 529 1354 aecum
547 1301 582 1367 B,
601 1317 719 1368 aequum
742 1298 774 1366 0,
802 1317 902 1369 equum
920 1301 950 1352 D
983 1331 1009 1340 -
1044 1299 1164 1370 ceperim
1186 1299 1248 1353 01).
1285 1331 1309 1339 -

113 1391 156 1443 69.
186 1388 240 1442 Sed
263 1386 330 1457 OD,
359 1388 408 1443 sed
427 1388 454 1439 B
483 1417 516 1426 -
547 1388 627 1441 Cesso
645 1387 673 1439 Β
691 1418 724 1428 -
744 1387 809 1451 hine
831 1405 875 1443 me
896 1387 994 1446 Botn..·
1025 1388 1147 1451 mihine
1166 1386 1250 1441 BOD
1279 1418 1314 1428 -

113 1475 220 1530 amoliri
243 1474 336 1533 Cam:
367 1493 429 1530 nmo
447 1475 501 1529 sire
519 1473 574 1528 Bo
590 1473 728 1539 <hineamo
746 1475 800 1529 sire
817 1475 869 1544 B),
894 1475 1010 1531 nmosire
1029 1475 1060 1527 D
1079 1507 1112 1517 -
1130 1478 1229 1529 uentre
1248 1473 1314 1542 BD,

112 1567 239 1617 uentrem
261 1561 290 1616 0,

149 1808 191 1858 67.
228 1819 293 1855 uere
310 1803 345 1856 ef.
358 1803 428 1858 Rud.
442 1802 463 1870 Ι,
483 1803 506 1871 2,
527 1805 569 1857 46.
591 1831 622 1841 -
642 1799 700 1854 sine
729 1802 792 1856 dem
809 1794 893 1854 militi
917 1801 1010 1870 placet
1028 1806 1057 1854 et
1076 1802 1166 1856 denuo
1185 1817 1247 1854 eum
1265 1803 1314 1855 mi·

113 1907 155 1942 me
179 1889 257 1953 ditm,
290 1889 371 1944 Most.
390 1890 422 1958 V,
442 1892 472 1957 2,
491 1891 537 1943 22:
571 1888 634 1942 Seite
658 1906 700 1941 me
728 1906 787 1942 sere
805 1887 936 1958 pereutit.
971 1888 1031 1941 lem
1054 1889 1102 1942 ille
1126 1904 1208 1957 quem
1231 1889 1315 1943 celen-

113 1978 175 2030 dum
193 1975 261 2028 s'stue
278 1975 407 2031 iudieare.
434 2010 456 2019 -
483 1976 587 2045 qnidam
605 1992 699 2030 mono·
727 1977 797 2030 rime
815 1994 850 2029 ex
863 1976 920 2030 eius
933 1976 1061 2030 menibus
1074 1976 1190 2046 aufugit.
1206 2006 1240 2018 --
1258 1975 1316 2029 Aba·

114 2064 258 2133 syllabum.
727 2064 842 2127 domum,
863 2065 959 2118 eadem
975 2064 1063 2118 uerba
1080 2062 1192 2117 initium
1209 2063 1317 2118 faoiunt

149 2154 191 2206 68.
226 2150 350 2204 Primum
362 2149 477 2219 Cyamus
495 2168 524 2205 se
541 2167 609 2204 ueru
626 2150 696 2219 peti·
725 2155 887 2206 tetrametro
905 2152 994 2207 enoch.
1011 2151 1111 2220 Amph.
1125 2151 1158 2219 V,
1179 2155 1202 2220 1,
1225 2153 1267 2206 74.
1281 2181 1313 2192 -

112 2244 205 2293 turum
223 2255 282 2292 esse
305 2237 356 2306 eit,
389 2239 438 2293 ssd
459 2239 539 2293 miles
561 2238 633 2292 nihil
656 2255 698 2291 re·
727 2238 859 2292 arbitrum
879 2238 1008 2308 coponem,
1040 2238 1125 2293 Mene,
1143 2240 1188 2308 lv,
1215 2243 1240 2307 3,
1264 2242 1314 2294 34²

113 2328 249 2396 spondens
268 2327 361 2396 gladio
373 2326 457 2380 ferire
468 2326 568 2396 pergit.
592 2326 698 2380 Deinde
727 2328 758 2380 de
777 2328 845 2382 istac
863 2346 922 2381 sum
942 2324 1020 2379 iudex
1038 2331 1144 2395 eaptus:
1164 2326 1245 2382 Most.
1265 2328 1313 2398 111,

113 2418 187 2482 orat,
214 2418 246 2468 ui
264 2416 375 2471 domum
393 2414 476 2468 abent
494 2417 522 2468 et
540 2414 574 2467 iis
593 2413 698 2468 arbitro
730 2420 753 2483 1,
775 2419 822 2471 31:
843 2433 906 2485 cape
925 2432 984 2468 eum
1003 2433 1032 2467 ου
1051 2412 1173 2468 iudicem.

112 2503 293 2572 disceptanda
317 2503 453 2556 tradatur.
496 2501 538 2555 Ne
561 2501 616 2555 hoe
640 2501 699 2569 qui·
