2956 4852
118 315 170 399 II,-
185 321 216 396 7,
240 319 339 381 12-3„
618 337 834 377 mvovnnunvs.
904 292 908 300 Ι

121 1110 361 1194 OYAMVS.
409 1110 804 1192 onnonnsivu.
848 1066 1325 1194 suannommnns(

524 1243 904 1332 insulanum.)
1348 1271 1352 1275 ·

641 1547 799 1646 Cyamus

321 1713 378 1791 lle,
402 1713 446 1777 ite
469 1712 530 1777 hao
552 1714 655 1792 simul,
679 1715 843 1798 muniseri,
866 1713 1087 1798 damnigeruli‚
1296 1734 1331 1802 11,
1345 1737 1369 1787 7.
1394 1769 1396 1772 .

320 1814 595 1898 Foraspestoto'res,
621 1815 777 1880 bonorum
800 1816 971 1900 anagogae.
1330 1830 1368 1898 (2)
1394 1907 1406 1915 -

118 1919 210 1984 Satin
234 1919 289 2000 qui
312 1922 414 1996 amat,
442 1918 555 1999 nequit
576 1917 653 2000 quin
676 1919 768 1982 nihili
791 1920 834 1983 sil
855 1926 951 2002 atque
973 1919 1116 2003 inprobis
1139 1919 1262 1983 artibus
1284 1940 1317 1984 se

1124 2019 1274 2103 expoliat.
1331 2032 1368 2102 (3)

29 2290 31 2294 ,
188 2241 303 2308 Cyamus
320 2240 501 2293 Phronesium
520 2241 718 2308 Stratophanes
736 2241 921 2313 (Astaphium)
943 2243 1056 2311 Spano:
1090 2243 1186 2296 GETA
1209 2243 1318 2296 PHRO·

117 2327 256 2383 NESIVM
275 2332 315 2391 (eo
327 2327 564 2381 PHHONESIVM
576 2329 649 2396 fact.
659 2330 713 2395 Bo)
731 2330 877 2383 ASTARG'
891 2332 924 2396 Β,
943 2328 1048 2381 GETA·
1062 2327 1158 2382 PHRO
1171 2328 1316 2384 NESIVM·

116 2414 381 2471 assuminus·
405 2413 438 2482 o,
469 2432 551 2466 amam
578 2415 674 2466 laeam
700 2433 814 2469 uacuam
838 2417 886 2469 ru.
902 2416 964 2478 oa,
998 2415 1096 2468 snm
1113 2403 1320 2471 Punonnsil

114 2490 269 2555 STAPHlll
294 2502 340 2555 Db
364 2501 409 2552 uel
431 2501 483 2553 Dc.
503 2531 534 2540 -
573 2506 596 2554 1.
629 2506 658 2555 te
681 2520 741 2554 oum
764 2508 833 2572 apat.
860 2503 917 2555 init.
937 2502 968 2555 D
993 2532 1026 2540 -
1051 2502 1180 2555 muniferi
1201 2504 1313 2573 Spano:

116 2590 230 2642 muliere
249 2589 331 2642 BC'D
348 2620 382 2629 —
400 2589 583 2657 damnigeruli
603 2591 641 2655 Z,
672 2589 746 2641 idam
765 2591 885 2658 nigeruli
902 2594 939 2658 Β,
971 2590 1166 2659 idamuigeruli
1188 2591 1248 2643 OD.
1282 2620 1313 2630 -

116 2678 160 2746 (2).
191 2678 430 2746 Forasgestatores
452 2677 565 2744 Speos:
593 2675 665 2729 foras
684 2678 809 2745 gerronis
828 2677 911 2730 BCD
931 2708 962 2717 -
981 2677 1088 2730 bonomi
1105 2678 1146 2744 B,
1176 2677 1316 2731 Bonorum
1389 2689 1398 2697 ‘

115 2764 236 2833 (Bonum
256 2769 317 2815 ante
336 2767 418 2827 corr.)
441 2765 471 2828 0,
503 2762 615 2815 Bonoru
633 2763 663 2814 D
682 2793 714 2802 -
734 2781 874 2834 anagogae
895 2767 930 2832 Z,
961 2781 1109 2833 managons
1127 2767 1165 2831 Β,
1195 2781 1315 2834 exagooe

119 2851 177 2904 OD.
200 2883 224 2889 -
267 2852 311 2918 (3).
343 2850 420 2902 Satin
440 2852 486 2917 qui
506 2851 623 2917 Spenqas
644 2849 751 2902 Salinae
769 2853 829 2918 quis
849 2853 882 2918 B,
902 2837 1065 2919 satinseouis
1081 2851 1110 2917 0,
1130 2852 1233 2905 satinse
1251 2854 1312 2920 quis

115 2938 146 2989 D
167 2967 194 2976 -
217 2938 312 3003 nequit
330 2940 367 3003 Β,
387 2937 489 3004 nequid
512 2936 562 2989 OD
583 2967 614 2975 -
634 2937 728 2990 nihilis
745 2938 838 3005 itaque
856 2942 896 3005 Β,
920 2939 1028 2991 nihilis
1046 2939 1140 3004 itaque
1162 2943 1194 3006 0,
1219 2939 1314 2991 nihilis

115 3026 174 3092 itaq
192 3024 222 3077 D
245 3054 279 3064 -
304 3023 437 3091 improbis
461 3040 490 3074 se
515 3023 620 3074 artibus
644 3025 765 3092 expoliat
788 3025 864 3078 Cain.
887 3024 952 3085 (nisi
975 3025 1045 3094 quod
1066 3041 1124 3078 sese
1147 3030 1171 3076 et
1195 3026 1316 3094 expoliat

115 3112 246 3181 sampsi&
277 3111 430 3179 inprouisse
448 3114 474 3159 B
497 3108 545 3178 qui
566 3110 669 3180 reliqua
692 3111 802 3171 omittit,-
835 3112 974 3180 inprouise
998 3112 1124 3180 partibus
1143 3113 1265 3179 expoliat
1285 3112 1314 3181 0,

113 3200 221 3276 iupuise
237 3198 365 3267 partibus
384 3198 519 3266 exspoliat
536 3197 573 3250 D.
597 3228 628 3236 -

167 3407 208 3458 De
229 3404 327 3474 Cyami
343 3405 452 3458 nomine
471 3404 535 3456 uide
553 3403 700 3472 praefatio·
765 3408 789 3456 1.
825 3403 959 3472 missiseri
974 3404 1072 3459 Pseud.
1091 3406 1112 3475 Ι,
1132 3410 1156 3475 2,
1175 3409 1222 3460 48:
1245 3406 1315 3459 mila·

114 3502 186 3547 nem.
205 3493 333 3561 Astaphii
348 3509 494 3561 personam
511 3492 615 3560 addidi,
635 3492 700 3558 quia
728 3491 923 3560 sai-aneriperali
939 3497 1000 3542 anie
1017 3493 1089 3544 aedis
1110 3492 1207 3548 adsint.

114 3583 193 3635 adest
218 3584 270 3634 etsi
293 3597 349 3633 non
371 3579 501 3647 loquitur.
536 3578 608 3632 Nam
625 3596 651 3629 u.
666 3581 699 3633 23
763 3577 808 3646 (2).
844 3595 975 3646 exspopoe
1004 3579 1039 3632 of.
1069 3579 1118 3633 inf.
1147 3581 1194 3648 IV,
1225 3583 1248 3650 2,
1281 3584 1312 3649 6,

113 3667 244 3736 Cyamus:
274 3667 363 3720 ‘iubeo
391 3683 437 3716 uos
468 3667 596 3734 saluere',
629 3666 656 3717 h.
674 3682 696 3717 e.
726 3665 797 3717 Rud.
816 3665 863 3731 111,
883 3669 907 3733 2,
928 3669 968 3718 17.

113 3755 292 3809 Phronesium
312 3759 340 3806 el
359 3754 532 3822 Astaphium.
550 3785 574 3792 -
598 3753 698 3806 Nume·
761 3755 806 3820 (3).
842 3751 1113 3819 Corripiunlursaun
1126 3751 1173 3822 qui
1184 3758 1313 3824 etnequll

112 3860 156 3896 ros
182 3841 235 3894 faoi
257 3844 320 3894 latr.
345 3841 442 3894 bacch.
470 3845 493 3910 1,
512 3843 562 3910 (2),
582 3843 630 3909 (4),
653 3841 697 3909 (5),
726 3837 790 3908 quin
809 3843 837 3891 et
855 3838 1020 3906 disyllabum
1039 3842 1081 3891 est
1099 3839 1217 3908 mprobis
1235 3846 1267 3894 ut
1282 3842 1312 3893 in

112 3933 176 3982 teir.
194 3945 274 3996 anap.
298 3929 350 3996 (3),
381 3931 445 3982 teir.
469 3930 644 3983 cressonis
670 3932 699 3981 et
727 3927 890 3994 anapaestis.
927 3926 968 3978 De
993 3927 1114 3978 numeris
1137 3928 1203 3980 uide
1226 3928 1311 3982 Mero.

113 4022 182 4070 aaut.
202 4018 232 4084 6,
256 4019 321 4068 tear.
338 4015 426 4068 broch.
446 4021 517 4070 acal.
535 4021 558 4084 7,
576 4020 601 4084 8,
619 4020 644 4070 9.
665 4047 696 4055 -
726 4013 761 4081 ΙΙ,
782 4018 806 4082 3,
826 4017 854 4082 3,
886 4014 960 4080 quod
979 4015 1117 4068 canticum
1141 4018 1169 4066 et
1186 4015 1276 4082 ipsum
1295 4032 1311 4067 a

112 4106 188 4159 Alios
206 4121 241 4157 ex
258 4107 337 4172 parte
354 4102 439 4156 habet
456 4103 535 4158 Slud.
553 4103 697 4172 (Zeitschr.
726 4101 833 4153 duobus
851 4104 915 4153 teir.
934 4101 1030 4154 bacch.
1049 4102 1160 4170 incipit,
1180 4103 1309 4170 aquibus

113 4192 131 4246 f.
150 4192 246 4260 Gymn.
268 4193 344 4244 1864.
362 4208 390 4258 p.
404 4193 473 4258 545).
501 4201 505 4212 “
726 4205 776 4256 per
800 4189 916 4241 eandem
937 4205 1033 4242 uocem
1055 4188 1154 4257 (Satin)
1182 4190 1218 4242 ad
1244 4206 1308 4242 ana·

725 4278 835 4343 paestos
852 4277 986 4329 transitus
1004 4275 1043 4329 fit.
