2956 4852
117 324 144 410 1,
163 331 196 408 2,
219 322 356 393 4947.
606 338 822 389 invevenimus.

248 513 342 580 Hunc
363 512 422 579 nos
443 511 597 578 habemus
618 502 782 597 publicum
804 512 873 579 sine
893 511 965 579 eliis
985 513 1174 599 publiceris.

152 616 205 682 lu.
248 613 411 699 Utrisque
430 613 587 700 porgnoui
608 615 716 698 probe.
1332 630 1368 681 co

190 750 192 754 ·
370 704 372 711 '
632 718 700 781 Ast.
744 710 909 784 Emistin
929 716 983 802 pol
1004 721 1042 783 tu
1063 717 1204 798 otiosus,
1424 712 1436 736 ⁹

245 819 349 898 Quom
369 822 404 883 cb
423 816 473 882 illi
494 820 528 882 et
548 816 601 882 hic
621 811 795 901 perudrsus
815 838 863 898 es:
901 820 957 886 sed
983 820 1138 887 utriscum
1158 840 1227 884 rem
1249 840 1318 886 csse

1151 921 1278 988 minis?

153 1013 205 1090 lu.
249 1022 452 1089 Pmcdciores
475 1019 553 1086 cotis
573 1040 641 1101 uos,
663 1021 720 1086 scd
741 1021 791 1087 illi
811 1023 991 1108 periuridsi.

246 1126 317 1193 Illis
336 1125 421 1210 perii
441 1123 594 1207 quioquid
616 1121 713 1188 datur
733 1144 837 1208 nequo
857 1125 936 1209 ipsis
956 1129 1093 1210 apponet
1114 1125 1295 1209 quicquam.

246 1220 312 1292 Vos
333 1226 447 1293 sciltem
468 1226 496 1291 si
519 1226 597 1309 quid
619 1224 784 1309 quaeritis,
805 1226 934 1292 ebssritis
955 1231 988 1292 eb
1009 1226 1166 1293 comestis.

246 1328 413 1395 Postremo
433 1327 482 1392 illi
505 1332 581 1393 suni
601 1327 737 1410 inprobi,
758 1348 823 1394 uos·
840 1330 1004 1415 [ne]qucm
1026 1335 1060 1395 eb
1081 1327 1247 1413 gloriosae.
1335 1354 1370 1406 55

154 1431 223 1497 Ast.
246 1427 332 1496 Male
354 1430 491 1516 quaein
514 1451 573 1495 nos
594 1429 682 1510 dicis,
705 1450 744 1496 ea
766 1430 876 1499 omnia
896 1432 956 1499 tibi
978 1432 1067 1514 dicis,
1087 1430 1270 1512 Dinidrohe

248 1533 292 1598 Et
312 1531 456 1598 nostrum
478 1539 510 1598 et
531 1531 661 1598 illorum
682 1533 802 1599 uicem.-

120 1692 163 1743 49.
193 1689 269 1743 huno
289 1687 342 1743 01)
364 1718 398 1727 -
421 1688 554 1756 pullicum
578 1688 607 1740 B
633 1716 660 1728 ·-
686 1689 746 1742 sine
768 1690 829 1744 eliis
852 1689 1008 1761 publicanis
1032 1690 1147 1761 Spem
1179 1690 1222 1745 illi
1239 1688 1322 1747 aliis

119 1774 261 1846 publicani
283 1776 325 1844 B,
355 1775 397 1829 illi
421 1775 469 1828 elii
493 1775 563 1830 Sunt
585 1775 729 1844 publicani
755 1793 814 1828 cum
838 1777 925 1847 spatio
945 1776 1016 1831 01).-
1033 1806 1062 1819 -
1106 1780 1150 1831 50.
1186 1777 1322 1833 Personas

119 1862 226 1934 omnum
243 1862 272 1915 B
289 1893 323 1904 -
343 1864 475 1931 uirosque
495 1863 546 1915 01)
573 1893 597 1903 -
619 1861 755 1932 pergnoui
774 1862 888 1932 Spenqc
921 1865 1104 1934 percognouit
1120 1864 1203 1919 1301>
1224 1867 1323 1935 (utros

120 1949 356 2020 quepercognouii
371 1949 401 2018 0)
419 1981 455 1989 -
472 1951 559 2022 probe
573 1951 604 2019 Z,
622 1950 702 2003 trobe
715 1949 797 2003 Βο1)
814 1950 978 2018 [trobeidem
994 1952 1053 2018 01))
1071 1969 1115 2006 em
1132 1952 1203 2006 istoc
1219 1955 1320 2022 Geppu·

119 2038 168 2094 ide
184 2038 256 2092 istoc
273 2037 309 2107 B,
327 2038 402 2093 idem
418 2038 503 2109 Euboe
519 2041 546 2107 0,
566 2037 641 2092 idern
657 2038 732 2092 istoc
751 2037 782 2090 D
799 2066 834 2077 -
851 2041 883 2093 iu
901 2039 1005 2093 otiosus
1022 2039 1089 2109 BD,
1107 2041 1243 2095 iuoiiosus
1261 2057 1321 2093 curn

119 2128 190 2196 spat.
214 2124 244 2179 o.
268 2153 294 2165 -
334 2124 377 2180 ει.
408 2125 476 2180 oum
493 2126 529 2195 n,
548 2143 611 2181 oum
634 2124 685 2178 cn
703 2154 737 2165 -
755 2125 798 2179 nn
815 2125 914 2184 noo.‚·
946 2127 1005 2185 nno
1023 2127 1107 2180 non
1125 2156 1156 2168 -
1174 2143 1323 2196 perionis
1343 2113 1348 2120 '

120 2214 153 2267 ee
171 2211 254 2265 Βο1)
272 2209 327 2264 nesi
342 2210 412 2281 quod
427 2227 478 2281 per
495 2230 593 2266 uorsus
612 2230 671 2267 esse
692 2215 715 2265 0
732 2242 765 2252 -
783 2213 854 2266 uiris
872 2230 935 2266 cum
953 2214 993 2281 B,
1012 2215 1082 2269 utris
1100 2215 1168 2269 Cum
1189 2217 1223 2285 0,
1251 2215 1321 2269 uiris

119 2301 160 2356 Cir
179 2299 216 2352 D.
242 2328 272 2339 -
310 2299 354 2355 52.
383 2288 516 2350 Personae
540 2305 630 2352 notam
652 2299 730 2352 habet
748 2300 791 2365 B,
823 2298 938 2367 spatium
960 2300 1013 2353 01)
1036 2331 1071 2341 -
1094 2301 1267 2357 Procnbiores
1285 2294 1320 2371 B,

118 2384 344 2458 procatioresD,
364 2386 550 2452 procusiores
572 2390 594 2439 0
611 2417 643 2426 -
661 2404 712 2455 per
728 2387 824 2442 iuriosi
840 2389 868 2440 0.
894 2416 920 2425 -
957 2389 1001 2440 54.
1030 2388 1122 2457 siquid
1137 2389 1187 2443 01)
1205 2420 1239 2430 -
1257 2383 1321 2457 qne·

119 2474 181 2529 ritis
201 2472 283 2527 BCD
302 2501 334 2511 -
352 2470 463 2526 ebibitis
486 2473 577 2534 Uam.,·
602 2474 746 2529 ecbibitis
764 2474 792 2526 B
810 2479 835 2526 et
852 2491 911 2526 cum
928 2480 998 2544 spui.
1023 2477 1056 2544 0,
1083 2475 1223 2530 &bibitis
1239 2474 1270 2527 1)
1287 2505 1320 2518 ·-

120 2558 278 2618 commestis
296 2559 359 2628 Bc,
384 2562 514 2614 comestis
533 2556 571 2616 D.
591 2592 625 2602 -
661 2564 704 2614 55.
738 2558 811 2613 Pers.
832 2564 922 2614 notam
941 2561 1020 2615 nabet
1035 2564 1065 2616 B
1082 2563 1115 2617 ab
1133 2560 1210 2616 initio
1230 2574 1321 2615 cerem

121 2679 155 2689 -
173 2649 283 2704 illisunb
304 2651 326 2702 0
342 2676 375 2687 -
394 2647 505 2716 inprobi
524 2648 565 2717 B,
595 2645 716 2719 improbi
737 2647 788 2701 01)
807 2657 837 2688 ’-
864 2666 983 2718 nequam
1002 2650 1039 2720 Ζ,
1072 2668 1154 2720 quem
1172 2644 1253 2706 Bon
1268 2647 1325 2702 nisi

121 2737 192 2809 quod
206 2752 340 2805 nosquam
362 2736 434 2787 0-
453 2735 567 2805 gloriosi
586 2737 675 2792 BcD.
694 2768 727 2778 -
764 2738 807 2790 56.
837 2737 913 2792 Male
931 2750 1001 2807 quae
1014 2738 1128 2808 Spenffi
1146 2736 1275 2807 Meleque
1287 2736 1322 2807 B,

121 2825 246 2893 moleque
268 2825 319 2878 01)
336 2852 370 2863 —-
388 2822 472 2879 Innos
494 2827 526 2893 0,
544 2824 578 2877 In
595 2842 645 2880 nos
663 2824 694 2877 D
711 2853 746 2864 -
764 2822 834 2878 dicis
854 2823 969 2894 Spenq.,·
993 2824 1048 2878 iliis
1066 2824 1125 2877 BD
1143 2829 1167 2878 cc
1185 2836 1244 2881 cum
1262 2834 1322 2893 opu

122 2910 159 2966 tic
180 2912 204 2965 0
225 2942 255 2952 -
282 2919 376 2968 οαοιηᾶ
399 2913 421 2965 0
443 2940 477 2951 -
499 2910 622 2966 tibidicis
643 2911 695 2966 01)
719 2942 750 2952 -
776 2911 909 2966 dinarche
927 2910 986 2964 BD
1008 2916 1034 2964 et
1056 2927 1116 2965 cum
1134 2907 1220 2981 spatio
1242 2912 1270 2965 0.
1291 2941 1322 2951 -

122 3000 165 3054 67.
194 2996 234 3054 Ec
250 2999 362 3055 illorum
383 2999 433 3054 01)
454 3031 480 3042 -
504 3000 552 3070 qui
571 3004 663 3060 Gom.,·
684 3000 749 3070 quio
766 2995 852 3057 Boo.
872 3027 907 3037 -

122 3172 230 3213 amores
248 3159 383 3227 pertinet,
412 3161 507 3212 temon
530 3156 590 3211 κατ’
609 3155 708 3229 ἐξοχήν
741 3155 915 3227 Cupidinem
945 3152 1169 3225 Mil.11‚1,uc.
1202 3183 1231 3195 -
1270 3153 1322 3220 ius,

121 3244 157 3300 dc
174 3244 365 3314 nundinatione
381 3245 411 3298 in
429 3262 481 3300 usu
498 3245 592 3302 fuisse.
611 3276 643 3286 -
662 3249 711 3316 qui
737 3244 811 3313 illic,
849 3244 923 3312 apud
952 3254 1069 3311 pueros,
1100 3240 1146 3294 bic
1170 3242 1242 3311 spud
1265 3258 1324 3311 nos,

122 3331 280 3388 eraricum
298 3332 385 3387 hictu.
737 3331 812 3401 apud
840 3330 1008 3384 meretrices.
1031 3359 1058 3371 ·-
1096 3344 1152 3382 rem
1182 3346 1237 3382 osce
1265 3328 1325 3384 scil.

157 3422 200 3475 ⁴9.
234 3417 291 3472 siue
309 3419 371 3472 ulicis
387 3417 541 3488 publicanis
559 3419 625 3474 circ.
643 3418 665 3488 1,
686 3423 709 3489 1,
738 3419 799 3473 ribi.
833 3418 956 3472 Eliditur
973 3432 1030 3470 rem
1049 3420 1082 3470 ub
1099 3416 1211 3486 possim.

122 3509 170 3561 bd:
191 3505 250 3559 eolo
266 3509 297 3558 ut
312 3504 384 3558 scius
403 3504 460 3558 sine
477 3504 541 3559 aliis
559 3505 679 3563 arbitris.
774 3508 817 3560 62.
853 3504 914 3558 ostis
934 3522 946 3558 s
964 3504 1047 3558 finale
1065 3505 1169 3559 abiioic.

158 3595 201 3647 10.
231 3591 366 3662 pcrynoci
376 3592 462 3661 probe
479 3593 542 3647 Aul.
552 3594 599 3662 111,
613 3596 638 3661 5,
660 3595 709 3647 29:
774 3594 817 3645 ⁶4.
853 3589 989 3661 quaeritis,
1009 3592 1160 3659 acquiritis.

129 3680 164 3735 Ui
183 3685 370 3733 matronarum
394 3679 438 3732 bic
461 3681 544 3749 facta
565 3679 710 3748 peronensi
773 3680 816 3732 56.
850 3679 946 3749 Longe
964 3677 1096 3732 abhorret
1113 3678 1149 3732 eb
1168 3680 1229 3731 erte
1246 3666 1326 3731 Pleu·

119 3767 212 3837 probo.
230 3796 264 3808 —
288 3784 329 3820 em
347 3766 413 3819 istoc
429 3784 456 3823 u.
469 3766 565 3835 iniri,
579 3770 604 3836 4,
618 3768 661 3821 22.
738 3766 798 3819 bina
820 3767 894 3835 quod
917 3767 1062 3836 pleresque
1085 3766 1221 3821 editiones
1246 3780 1325 3820 occu·

159 3856 203 3908 bl.
239 3852 304 3907 istoc
323 3882 357 3894 -
374 3872 452 3925 quom
480 3856 513 3908 ui
540 3855 639 3909 Pseud.
661 3853 710 3922 ΙΠ,
738 3854 830 3923 pauit:
865 3854 1017 3924 Melasque.
1065 3856 1128 3907 Asc.
1164 3852 1265 3923 [Quae]
1296 3850 1325 3904 iu

123 3942 149 4010 2,
167 3943 217 3994 ³4:
235 3934 284 3995 boc
301 3968 336 3981 --
354 3958 441 4011 quom.
460 3970 495 3981 -
507 3957 654 4011 percurens
671 3956 707 4004 ee,
738 3956 786 3992 nos
809 3939 933 4012 illoeqm,
967 3960 998 3994 ec
1022 3958 1092 3997 omn.
1111 3960 1132 3994 e.
1152 3952 1179 4011 q.
1198 3956 1220 3995 e.
1255 3938 1326 3993 Neo-

123 4026 241 4082 bnassu
258 4027 402 4081 deuortcrs's
421 4032 453 4083 ub
471 4029 521 4083 sib:
547 4045 603 4082 non
620 4027 709 4082 solum
738 4042 797 4081 esse
821 4031 863 4081 est
888 4032 937 4081 eut
958 4046 984 4083 u.
1006 4030 1042 4080 66
1068 4032 1160 4082 totum
1182 4025 1326 4080 Diniarchi

124 4131 187 4169 cum
216 4115 410 4170 meretricibus
443 4133 503 4170 rem
539 4117 624 4170 habes
659 4115 709 4169 sed
738 4131 797 4169 esse
817 4119 866 4168 cub
882 4118 955 4170 ubo
975 4116 1033 4168 eins
1050 4114 1202 4168 orrtionsm
1224 4111 1326 4168 claudi.

125 4203 209 4255 etium
230 4204 267 4258 cd
289 4216 389 4272 pueros
410 4204 535 4258 libidinis
558 4218 642 4258 cause
668 4202 709 4256 ire
773 4201 815 4254 57.
850 4200 936 4254 isicem
955 4202 1033 4270 Ospt.
1052 4201 1086 4269 ΙΙ,
1106 4203 1131 4269 3,
1151 4199 1202 4267 ³73
1229 4200 1278 4268 III,
1297 4201 1322 4267 3,

124 4288 204 4343 soles.
244 4290 321 4345 Trin.
345 4291 394 4360 1113
419 4293 444 4360 2,
466 4291 516 4346 47:
547 4288 651 4343 decimu
673 4289 710 4342 cd
739 4287 1031 4357 113M0o.11,1‚s.
