2956 4852
114 334 174 378 Vm

114 500 298 567 criticorum
320 499 444 564 ratione
473 499 601 563 limauit
623 498 745 582 aliquid
767 498 979 583 posteriorum
1000 497 1161 562 editorum
1181 497 1318 582 diligen·

114 603 177 682 tia,
201 606 269 666 tam
290 603 408 666 misera
429 602 534 666 adhuc
556 607 604 665 est
625 601 810 665 Truculenti
833 601 1002 665 Plautinae
1024 600 1186 680 condicio,
1210 605 1248 665 ut
1269 601 1319 665 ni·

115 704 216 770 mium
237 704 297 769 sibi
319 708 445 782 sumat,
483 704 537 786 qui
566 724 600 767 se
629 704 734 787 ipsum
761 704 870 767 omnia
898 709 985 767 recte
1015 704 1190 768 correxisse
1219 701 1317 783 dicat,

116 806 299 889 multaeque
327 803 530 870 difficultates
560 805 605 869 eis
635 804 863 888 relinquendae
894 806 959 868 siut
994 804 1036 868 ad
1073 804 1316 889 dispiciendum,

115 908 231 991 quibus
252 907 344 971 uelut
365 906 436 970 Tibi
458 907 611 971 maiorem
640 907 765 989 copiam
793 906 1044 989 facultatemque
1066 904 1236 970 diuinandi
1259 926 1318 970 na·

113 1015 188 1074 turc
209 1010 327 1092 largita
350 1014 408 1073 est.
455 1009 584 1073 Accedit
606 1010 690 1091 quod
714 1009 753 1072 de
775 1008 852 1072 locis
874 1010 1032 1091 corruptis
1056 1015 1088 1073 et
1110 1008 1231 1088 dubiis,
1261 1007 1317 1073 ubi

112 1112 316 1176 Ambrosiani
338 1111 413 1175 libri
433 1112 588 1176 memoria
609 1132 667 1175 nos
691 1111 817 1190 deserit,
842 1132 878 1175 eo
899 1111 1073 1194 procliuius
1089 1116 1137 1175 est
1152 1109 1316 1190 iudicium,

114 1215 190 1297 quia
212 1215 243 1278 in
266 1219 359 1291 tanta
381 1214 522 1277 omnium
545 1212 799 1296 corruptelarum
821 1213 1002 1296 farragine,
1039 1213 1154 1297 quibus
1176 1211 1318 1295 reliquos

114 1317 238 1381 codices
260 1320 383 1379 scatere
406 1318 550 1393 constat,
586 1313 680 1378 facile
710 1315 830 1397 species
850 1314 1012 1379 libertatis
1031 1314 1188 1379 deducere
1210 1318 1318 1398 potest

115 1417 158 1483 ad
180 1417 408 1496 temeritatem,
433 1435 619 1498 semperque
642 1417 820 1480 cauendum
842 1423 891 1481 est
913 1438 953 1481 ne
975 1417 1009 1481 in
1031 1415 1108 1480 locis
1130 1436 1208 1480 cura
1230 1415 1318 1499 peio-

114 1520 203 1584 ribus
232 1524 265 1583 et
294 1518 488 1583 cicatricosis
517 1519 642 1600 integra
670 1518 813 1582 membra
840 1539 992 1584 secemus.
1059 1518 1191 1582 Accedit
1219 1538 1317 1602 porro

115 1621 201 1705 quod
230 1641 302 1684 cnm
330 1620 468 1683 comicus
496 1639 600 1682 sermo
630 1619 673 1682 ad
700 1620 888 1704 popularem
916 1626 1046 1704 aptatus
1069 1620 1317 1685 delectationem

115 1723 215 1788 uerba
244 1723 278 1785 in
306 1742 365 1785 usu
388 1721 549 1785 cotidiano
571 1722 677 1805 posita
700 1723 804 1785 minus
826 1729 991 1806 respueret
1013 1730 1046 1788 et
1067 1725 1152 1788 iocos
1174 1723 1317 1786 inserere

119 1824 251 1904 soleret,
274 1829 367 1886 tanta
389 1823 421 1886 in
445 1823 560 1887 Plauto
583 1843 615 1887 se
637 1824 720 1888 fudit
742 1824 872 1888 ubertas
895 1824 1022 1888 dicendi
1045 1831 1077 1889 et
1099 1826 1257 1903 uarietas,
1280 1829 1318 1888 ut

116 1925 236 1990 multae
259 1945 352 2007 saepe
375 1930 509 2006 pateant
530 1924 603 1988 uiae
626 1925 831 2005 emendandi,
854 1947 956 2009 neque
979 1947 1103 2012 semper
1124 1927 1257 2011 politius
1278 1926 1318 1990 li·

116 2033 205 2093 mata
228 2047 296 2091 esse
320 2047 340 2089 a
361 2023 474 2089 Plauto
497 2026 647 2090 uideatur
668 2028 781 2091 oratio.
827 2027 938 2110 Neque
960 2029 1020 2095 hoc
1041 2031 1089 2094 ita
1111 2030 1182 2093 dico
1204 2034 1241 2092 ut
1263 2050 1317 2096 ars

116 2129 267 2194 Plautina
288 2127 464 2192 orationem
486 2127 598 2192 limare
621 2150 685 2192 non
706 2130 860 2212 potuerit,
893 2130 949 2194 sed
970 2133 1076 2195 minus
1097 2132 1226 2195 uidetur
1248 2151 1317 2197 esse

115 2231 241 2294 ieiunus
272 2249 368 2312 quam
397 2229 452 2312 qui
481 2251 513 2294 se
542 2231 609 2312 ipse
632 2230 775 2294 consulto
798 2231 840 2295 ad
862 2233 1061 2298 minutarum
1083 2255 1190 2298 rerum
1212 2233 1315 2318 legem

116 2330 292 2411 limauerit3
316 2330 453 2394 multum
476 2337 583 2395 autem
606 2332 770 2396 scaenicae
793 2355 920 2417 quoque
942 2332 1151 2400 ostentationi
1173 2336 1317 2401 tribuen-

116 2433 192 2497 dum
221 2439 279 2497 est,
325 2433 455 2497 Accedit
484 2433 621 2516 denique
650 2433 735 2515 quod
764 2456 836 2499 cum
867 2457 919 2500 ars
946 2439 1079 2502 metrica
1100 2439 1252 2502 Plautina
1274 2438 1315 2504 ab

116 2535 334 2618 experimento
357 2539 435 2596 nata
458 2533 521 2610 sit,
560 2535 725 2598 sententiis
754 2536 830 2618 ipsis
858 2543 997 2601 metrum
1026 2560 1089 2603 non
1113 2561 1237 2623 semper
1259 2540 1316 2606 sed

115 2635 289 2718 aliquando
320 2634 594 2698 accommodatum
624 2656 692 2700 esse
722 2637 868 2716 uidetur,
904 2638 1041 2722 ideoque
1076 2641 1110 2704 in
1145 2642 1316 2724 permultis

115 2738 249 2803 canticis
280 2736 466 2800 inordinata
499 2736 642 2818 digerere
675 2743 706 2801 et
741 2738 847 2803 soluta
877 2761 1066 2823 componere
1097 2744 1186 2808 nullo
1221 2745 1315 2811 modo

114 2861 302 2925 possumus,
340 2859 412 2902 cum
440 2859 498 2921 pro
530 2839 688 2904 editorum
716 2844 824 2906 tamen
854 2841 955 2906 officio
983 2845 1143 2909 eruendae
1166 2847 1316 2913 ueritatis

113 2942 254 3007 latebras
288 2941 377 3005 adire
413 2961 571 3024 cogamur.
625 2943 683 3008 Est
712 2963 789 3008 sane
817 2944 851 3008 in
882 2952 1057 3011 metrorum
1086 2948 1315 3031 compositione

114 3045 219 3109 latens
242 3044 400 3127 quaedam
422 3044 504 3108 ratio
527 3051 560 3108 et
580 3044 647 3109 lere
668 3045 909 3126 inenarrabilis3
948 3049 1003 3112 sed
1033 3049 1092 3112 soli
1115 3052 1241 3113 aurium
1263 3072 1315 3115 ar-

114 3148 211 3216 bitrio
235 3146 382 3229 obsequi,
413 3165 494 3228 quae
516 3166 630 3228 parum
654 3146 781 3231 expleta
803 3146 987 3213 desiderent
1009 3155 1042 3214 et
1063 3151 1179 3216 clauda
1201 3153 1311 3236 depre-

115 3249 267 3328 hendant
292 3248 445 3314 audacius
468 3268 536 3312 esse
559 3268 682 3327 censeo,
705 3255 801 3332 atque
824 3249 871 3314 ita
892 3252 998 3335 potius
1021 3253 1154 3317 libertas
1176 3255 1208 3316 in
1225 3275 1314 3319 exer-

115 3352 217 3418 cenda
239 3358 308 3415 arte
330 3351 442 3415 critica
464 3352 673 3434 temperanda
694 3357 756 3430 est,
787 3373 827 3416 ne
850 3353 926 3417 dum
949 3360 1123 3419 metrorum
1146 3359 1313 3422 sermonis·

115 3476 176 3538 que
200 3459 365 3537 captamus
387 3453 591 3536 elegantiam,
613 3455 785 3537 perdamus
807 3455 991 3520 traditionis
1013 3459 1268 3523 auctoritatem.“

201 3555 284 3638 „sed
305 3562 342 3620 ut
364 3577 401 3621 eo
423 3561 569 3620 reuertar
590 3556 674 3621 unde
697 3578 767 3622 sum
791 3557 960 3641 digressus,
984 3561 1025 3624 ad
1047 3561 1254 3624 Ambrosiom‘
1274 3562 1310 3626 li-

117 3659 164 3724 bri
186 3659 354 3742 reliquias:
378 3680 459 3742 quae
482 3659 607 3724 utinam
630 3681 668 3724 ne
691 3660 872 3745 fragmenta
893 3667 1020 3726 tantum
1043 3663 1227 3728 Truculenti
1249 3685 1314 3728 ser·

116 3762 264 3825 uassentl
310 3763 355 3824 Ac
383 3762 521 3843 primum
550 3763 679 3843 quidem
708 3785 780 3826 cum
807 3764 984 3829 Trinummi
1011 3767 1099 3830 exitu
1126 3766 1313 3831 Truculenti

115 3864 244 3928 initium
272 3862 306 3926 in
334 3862 540 3946 palimpsesto
570 3884 633 3927 non
664 3870 762 3927 extat.
829 3865 1003 3941 Quaternio
1031 3868 1115 3943 enim
1143 3868 1249 3932 LVIII
1279 3868 1313 3932 in

116 3964 293 4030 Trinummi
315 3985 443 4043 uersum
466 3964 533 4028 IIII
557 3969 584 4044 3,
609 3970 644 4028 71
672 3968 724 4046 (=
753 3970 833 4029 1078
855 3966 995 4047 fetiscat)
1023 3969 1106 4044 exit,
1144 3971 1313 4051 quaternio

116 4068 172 4133 LX
193 4072 302 4130 autem
323 4087 343 4129 a
362 4065 548 4130 Truculenti
568 4088 662 4131 uersu
686 4067 700 4131 I
724 4071 752 4146 2,
779 4071 814 4130 15
838 4068 959 4150 incipit.
999 4069 1173 4145 Quateruio
1190 4072 1313 4137 LVIIII

115 4176 202 4234 totus
224 4170 328 4252 periit,
351 4170 370 4233 i.
384 4188 411 4232 e.
435 4171 454 4230 8
477 4167 555 4232 folia
576 4170 643 4234 siue
669 4175 729 4234 304
751 4190 871 4249 uersus,
895 4191 989 4253 quem
1012 4193 1179 4235 numerum
1202 4195 1314 4255 quam·

115 4275 165 4336 uis
187 4271 365 4335 Trinummi
388 4271 492 4334 exitus
514 4277 547 4335 et
568 4270 753 4336 Truculenti
775 4271 922 4352 initium,
957 4274 1067 4356 qualia
1087 4274 1181 4339 hodie
1203 4276 1314 4358 legun-
