2956 4852
110 310 150 390 V,
172 313 307 374 64-72.
603 330 818 372 rnvcvnurnvs.
1251 308 1310 371 133
1417 381 1422 395 ἱ

240 495 346 562 Pecua
367 497 410 561 ad
431 495 515 560 hanc
536 495 615 560 collo
637 495 671 560 in
694 494 840 559 crumina
862 514 920 576 ego
944 492 1085 576 cbtigata
1107 492 1226 559 defero.

247 600 338 674 Vide,
363 597 444 662 lieet.
469 603 507 662 ut
528 597 685 664 destrinxi
706 596 882 660 homiuem!

724 699 821 764 Strat.
845 693 957 764 'Immo
972 721 1029 783 ego
1045 719 1130 776 uere,
1153 697 1209 780 qui
1224 697 1307 762 dedi.
1328 702 1362 754 65

112 803 187 868 Phr.
239 802 362 867 Iiutro
385 801 500 866 amabo
523 807 556 866 et
577 807 614 866 tu
635 800 737 864 lre'rele
759 821 833 864 uero
854 799 993 864 mecum:
1031 805 1068 865 tu
1095 801 1159 864 eris
1187 799 1312 863 menium

1128 901 1267 985 quidem.

113 1003 210 1070 Strat.
239 1007 323 1085 Quid
345 1013 391 1087 tu,
413 1006 491 1090 qnid
514 1007 571 1084 aie,
594 1025 666 1068 cum
688 1003 825 1068 hocine?
854 1005 1112 1087 [immutatorem
1138 1005 1226 1089 nom]
1255 1023 1313 1087 ego

1073 1106 1163 1188 prior
1185 1106 1268 1171 dedi.

112 1209 187 1273 Phr.
239 1209 287 1273 To
308 1209 434 1289 dedisti,
458 1207 534 1293 [tio]
557 1206 622 1272 iam
644 1207 807 1272 datumst:
830 1207 914 1272 istuc
935 1207 1047 1286 habeo,
1070 1208 1131 1272 hoc
1153 1206 1277 1291 expeto.

240 1311 359 1377 Verum
380 1312 509 1395 utrique
532 1309 601 1375 mos
623 1315 754 1392 geratur
775 1308 941 1374 amborum
965 1330 1005 1374 ex
1026 1309 1197 1375 sententia.

113 1413 211 1479 Strat.
240 1414 266 1478 F
267 1414 331 1478 iat:
353 1420 390 1478 ut
405 1435 474 1478 rem
489 1413 620 1496 guaitam
636 1412 739 1490 uideo,
755 1411 815 1476 hoc
830 1411 1087 1496 accipiundumst
1102 1411 1189 1497 quod
1205 1413 1310 1478 datur.
1330 1429 1365 1480 70

113 1515 218 1581 Strab.
241 1515 348 1581 Meum
371 1516 500 1600 quidem
523 1522 555 1580 te
577 1513 697 1579 lectum
719 1519 804 1578 certe
827 1515 984 1598 occupare
1008 1515 1074 1579 ιιόιι
1096 1516 1209 1580 sinam.

113 1618 187 1683 Phr.
237 1617 358 1703 Lepide
379 1623 503 1684 ecastor
525 1617 687 1701 aucupaui
710 1623 807 1700 atque
830 1615 870 1680 ex
892 1637 965 1680 mea
986 1615 1162 1682 sententia:

113 1849 155 1901 64.
186 1844 284 1915 pecua]
303 1843 421 1914 pecunia
438 1843 470 1896 D
489 1849 550 1896 unte
567 1860 624 1897 rao.
643 1872 675 1897 .-
695 1842 767 1896 collo
784 1841 814 1894 in
832 1841 957 1895 crumina
975 1858 1027 1911 ego
1044 1841 1132 1899 Prisc.
1146 1861 1178 1913 p.
1193 1841 1246 1896 270
1258 1845 1314 1902 Η..·

113 1949 165 2003 ego
182 1933 212 1986 in
231 1933 356 1988 crumina
374 1932 409 1998 B,
429 1948 480 2001 ego
497 1931 528 1984 in
546 1930 675 1985 crumina
695 1928 756 1982 OD.
780 1962 804 1970 -
845 1931 887 1985 65.
918 1929 989 1984 Vide
1007 1929 1074 1983 licet
1093 1929 1208 1999 Speup.‚·
1242 1929 1315 1998 Quid

113 2021 178 2075 dedi
189 2021 225 2089 B,
245 2021 312 2090 quid
323 2020 389 2074 dedi
400 2018 451 2073 OD
469 2048 502 2057 —
519 2022 552 2072 ut
564 2017 693 2072 distrinxi
706 2015 765 2086 (sict
776 2016 870 2074 Cam:
894 2019 925 2070 ut
938 2016 1058 2070 dixtinxi
1071 2017 1105 2086 B,
1124 2018 1272 2073 utdistinxi
1287 2023 1313 2093 c,

113 2111 145 2162 ut
162 2108 296 2162 distiucxi
312 2108 352 2162 D.
382 2139 416 2149 -
453 2109 495 2161 66.
523 2105 629 2160 Iintro
649 2107 684 2174 Z,
709 2105 742 2157 In
761 2104 836 2158 intro
853 2104 894 2173 B,
920 2104 1025 2159 inintro
1045 2105 1076 2173 O,
1093 2104 1123 2158 iu
1139 2105 1214 2160 intro
1232 2105 1263 2158 D
1281 2137 1313 2148 -

112 2194 206 2249 hercle
223 2212 289 2249 uero
307 2211 415 2249 mecum
429 2194 525 2262 Spenp.
534 2211 543 2250 ‚¹
563 2210 650 2262 uergo
668 2209 684 2245 a
702 2196 782 2246 meon
795 2192 829 2260 B,
849 2208 934 2261 uergo
952 2209 1013 2245 ame
1030 2191 1097 2246 Cum
1113 2191 1165 2246 OD
1184 2226 1217 2235 -
1235 2211 1315 2249 mecu

113 2282 197 2351 quide
215 2281 251 2333 B.
273 2312 298 2321 -
339 2287 382 2337 67.
413 2280 473 2349 quit
492 2280 533 2333 ais
551 2283 578 2329 B
598 2309 624 2318 -
648 2297 710 2333 cum
728 2279 826 2333 hocine
837 2279 922 2332 immo
932 2296 1041 2332 mecum
1052 2296 1116 2332 nam
1129 2298 1181 2350 ego
1196 2281 1313 2351 Spera..-

115 2387 177 2424 cum
195 2368 248 2422 hoc
265 2369 295 2422 in
314 2387 365 2440 ego
382 2369 417 2437 B,
438 2385 501 2421 cum
519 2367 572 2421 hoc
588 2366 671 2437 inego
686 2370 715 2434 C,
733 2384 797 2421 cum
815 2366 868 2421 hoc
885 2367 931 2420 ine
949 2384 985 2436 go
1005 2366 1037 2417 D
1058 2396 1084 2406 -
1107 2367 1183 2436 prior
1198 2368 1312 2437 «tyrow..-

113 2457 250 2528 posterior
266 2457 302 2526 B,
320 2457 459 2511 Posterior
481 2455 541 2508 OD.
563 2483 592 2494 -
630 2458 672 2510 68.
702 2455 748 2509 hic
765 2455 821 2508 iam
840 2454 952 2512 Lamt.‚·
972 2454 1028 2507 iam
1046 2454 1128 2508 1301)
1152 2485 1178 2494 -
1200 2456 1315 2510 daturus

115 2549 158 2599 est
174 2543 265 2598 BCD.
289 2575 315 2584 —
355 2547 398 2598 70.
428 2542 670 2611 hoccipiundumst
687 2543 728 2612 B,
753 2543 806 2597 hoc
824 2541 1019 2612 accipiundum
1037 2544 1063 2594 st
1084 2542 1121 2610 C,
1144 2541 1198 2596 hoc
1215 2544 1316 2613 accipi·

114 2634 256 2688 umdumst
271 2633 303 2684 D
324 2662 353 2671 -
374 2632 447 2701 quod
465 2632 549 2685 datur
568 2631 603 2698 Z,
621 2631 759 2699 quodatur
778 2630 821 2699 Β,
839 2646 893 2698 qno
912 2630 995 2684 datur
1017 2628 1078 2682 OD.
1112 2658 1141 2668 -
1180 2633 1222 2684 71.
1252 2649 1315 2686 ocu·

114 2738 181 2792 pare
202 2725 272 2778 0-
293 2722 382 2797 sinam
402 2721 433 2788 Z,
452 2719 540 2772 siuem
558 2718 648 2772 1301).
676 2751 696 2760 -
743 2720 785 2772 72.
816 2720 924 2771 ecastor
943 2715 1079 2786 aucupaui
1098 2719 1181 2785 atque
1199 2717 1274 2772 Non.
1283 2736 1315 2789 p.

114 2808 182 2865 467.-
213 2811 350 2862 mecastor
367 2806 579 2877 aucupubatque
597 2807 639 2874 Β,
670 2823 715 2860 me
737 2808 829 2860 castor
853 2804 1012 2874 aucupabat
1034 2821 1087 2874 que
1109 2802 1161 2858 (ΙΙ)
1178 2803 1234 2858 oiri
1248 2804 1319 2876 quod

114 2894 240 2964 qu.-

150 3085 192 3138 64.
224 3099 328 3152 pecua,
360 3081 507 3151 pecuniam
529 3099 580 3151 pro
597 3083 703 3153 pecori-
730 3081 877 3137 Editiones
901 3082 972 3136 aliae
995 3082 1115 3151 priorem
1138 3084 1210 3138 aliae
1225 3088 1316 3154 posts-

114 3169 166 3225 bus
184 3173 336 3239 acceptam,
355 3168 390 3224 cf.
410 3186 469 3238 sup.
488 3169 536 3236 ΙΙΙ,
556 3173 579 3239 l,
601 3174 642 3225 10.
729 3171 831 3226 riorem
848 3173 957 3239 partem
974 3170 1102 3225 Strabaci
1124 3172 1259 3227 tribuunt.
1282 3203 1315 3212 -

149 3261 192 3314 65.
229 3256 359 3310 destrinxi
384 3256 573 3326 metaphorice
595 3258 702 3313 dictum
731 3275 791 3310 cum
809 3257 902 3310 hocine
919 3259 978 3313 scil.
996 3257 1069 3312 eris?

113 3349 146 3400 ut
163 3342 295 3415 doraum,
316 3344 467 3408 detondere,
491 3344 543 3398 etsi
561 3346 629 3400 alibi
646 3363 702 3400 non
765 3349 809 3400 69.
842 3351 965 3414 peretur,
986 3348 1129 3415 exspectes
1145 3351 1262 3413 peretur.

113 3431 255 3487 inuenitur
277 3430 331 3485 hoc
354 3448 443 3486 sensu.
474 3462 507 3473 -
544 3431 625 3484 immo
654 3449 701 3501 epo
766 3436 809 3487 70.
845 3449 902 3485 rem
924 3438 1056 3503 piratam,
1089 3432 1124 3487 cf·
1150 3433 1210 3488 Cas.
1233 3434 1268 3504 Π,
1291 3436 1316 3501 6,

113 3535 178 3572 uero
196 3522 225 3572 te
243 3518 392 3587 destrinxi,
422 3517 487 3587 quia
505 3521 537 3572 tu
553 3520 702 3588 pecuniam
730 3523 764 3576 35
784 3521 819 3574 al.

113 3605 144 3662 in
163 3607 287 3660 crumina
304 3605 398 3675 habes,
418 3623 469 3675 ego
481 3605 538 3659 iam
549 3607 701 3662 Phronesio
765 3611 808 3661 71.
844 3607 943 3661 Hiatus
960 3607 990 3659 in
1008 3623 1122 3661 caesura
1139 3625 1245 3663 uersus.
1263 3609 1316 3664 Sed

114 3692 187 3748 dedi.
729 3712 785 3749 non
803 3695 874 3749 male
893 3695 1048 3765 Geppertus
1067 3712 1114 3764 epo
1131 3694 1293 3766 interponit.

149 3783 192 3835 66.
228 3779 250 3832 I
273 3778 345 3830 intro
366 3778 450 3833 militi
472 3780 553 3849 dicit,
586 3785 614 3832 tu
637 3798 701 3834 uero
765 3785 807 3836 72.
844 3783 911 3837 Cum
941 3784 1058 3853 aucupio
1087 3787 1217 3852 quaestus
1241 3785 1315 3840 leno·

114 3866 252 3923 Strabaci.
265 3899 298 3908 -
317 3883 419 3918 meeum
439 3868 498 3921 scil.
510 3868 529 3935 i,
547 3869 701 3936 quodcum
728 3869 791 3923 nius
808 3875 984 3940 comparatur
1000 3872 1077 3925 Asin.
1089 3871 1110 3940 Ι,
1130 3879 1154 3939 3,
1176 3874 1209 3926 63
1228 3889 1268 3941 sq.
1285 3901 1313 3910 —-

113 3954 191 4009 dicut
212 3953 402 4021 Phronesium,
424 3972 536 4009 manum
555 3957 605 4010 dat
625 3957 700 4011 Stra·
729 3957 872 4026 orccupoui.
891 3959 933 4012 De
951 3975 1053 4029 genere
1071 3959 1171 4026 actiuo,
1191 3958 1226 4013 cf.
1244 3959 1315 4013 Non.

113 4042 177 4096 buci
195 4059 257 4097 cum
276 4059 308 4096 eo
326 4042 445 4096 abitura.
468 4071 494 4082 -
517 4043 700 4114 crumenam,
728 4046 770 4098 ΙΙ.
790 4045 903 4115 Semper
915 4047 1006 4100 actiuo
1018 4047 1107 4100 utitur
1119 4047 1220 4101 Noster
1232 4048 1314 4117 (Men.

113 4145 174 4182 meo
193 4145 284 4183 amore
308 4130 423 4199 frueris,
455 4134 487 4185 ut
503 4131 603 4187 Bacch.
621 4133 654 4201 V,
674 4135 698 4201 2,
729 4133 887 4201 1V,1,12;
924 4134 983 4197 Mil.
1003 4134 1049 4201 IV,
1068 4136 1092 4201 2,
1112 4136 1143 4202 53
1179 4135 1261 4188 Most.
1280 4135 1315 4202 ΙΙ,

114 4218 157 4270 59.
731 4222 756 4288 2,
776 4221 823 4283 42;
855 4221 932 4274 Asin.
950 4222 983 4287 V,
1002 4224 1027 4290 2,
1046 4221 1089 4290 31)
1121 4226 1149 4275 et
1171 4239 1317 4293 perperam

149 4305 192 4356 67.
228 4303 329 4356 Totum
363 4321 474 4358 uersum
509 4304 593 4360 militi
627 4306 702 4362 dedi.
731 4307 835 4377 legitur
857 4308 928 4362 Rud.
946 4308 993 4378 IV,
1012 4311 1037 4378 4,
1055 4311 1105 4364 49:
1133 4309 1217 4364 Video
1237 4309 1315 4363 ecolo-
