2956 4852
164 311 206 371 58
702 332 816 373 1111111.
1114 309 1156 390 11,
1178 314 1208 391 4,
1231 313 1368 378 23-38.

297 493 372 559 Plus
393 493 547 579 pdlliosre
569 516 666 578 quam
688 495 745 560 abs
767 502 798 560 te
821 517 916 581 poseo
938 502 997 562 aut
1018 497 1156 582 pdstulo.

200 594 273 660 Phr.
298 597 428 661 Vtinam
450 597 525 661 item
551 617 571 660 a
592 597 750 682 principio
772 599 819 663 rei
840 597 1035 682 pepercisses
1056 620 1157 680 mese,

298 697 340 762 Vt
361 697 447 762 ndns
468 699 608 781 reparcis
630 698 736 764 sduiis.

113 795 147 846 2⁶
703 800 778 866 Phr.
801 800 933 884 Siquid
955 801 1015 867 tibi

299 899 475 984 Compendi
496 899 600 967 iacere
623 901 751 985 pdssim,
775 902 894 967 factum
920 902 1034 986 edspdl
1056 903 1163 970 uelim.

201 998 248 1064 Di.
294 1001 362 1066 Iam
384 1001 522 1067 lauta's?

463 1104 536 1168 Phr.
560 1105 666 1170 Lauta
687 1106 765 1170 mihi
788 1106 916 1189 quidem
940 1112 1037 1190 atque
1059 1106 1160 1172 oeulis
1181 1112 1269 1176 meis.

296 1203 380 1267 Num
403 1205 461 1270 tibi
482 1206 610 1272 sordere
630 1207 764 1272 uideor?

723 1309 773 1374 Di.
797 1309 868 1374 Non
890 1309 943 1393 pol
964 1311 1043 1377 mibi
1064 1311 1201 1396 quidem.

296 1410 412 1474 Verum
436 1416 609 1494 tempestas
632 1411 794 1496 qudndam
817 1412 892 1477 dum
914 1413 982 1478 uixi
1003 1413 1073 1492 fuit,

112 1505 146 1557 30
298 1511 400 1590 Quom
420 1512 507 1578 iuter
528 1535 586 1578 nos
608 1513 814 1579 sordebamus
836 1514 918 1579 alter
939 1513 978 1578 de
999 1513 1111 1579 altero.

297 1613 358 1679 Sed
381 1614 467 1697 qudd
490 1635 548 1696 ego
570 1615 694 1680 facinus
715 1615 826 1680 aridiui
849 1613 1023 1680 adueniens
1045 1620 1134 1682 tuom

293 1716 383 1795 Quod
405 1724 440 1780 tu
463 1716 516 1781 hic
537 1738 588 1782 me
610 1717 741 1782 absente
764 1716 841 1782 ndui
863 1718 969 1800 negoti
992 1716 1148 1799 gesseris?

197 1815 271 1881 Phr.
295 1817 378 1896 Quid
400 1817 434 1882 id
458 1816 528 1882 est?

111 1924 162 1976 ³32
450 1919 497 1984 Di.
523 1921 742 1986 Primumdum
765 1920 860 2003 qudm
884 1920 946 1984 tu's
969 1926 1064 1985 aucta
1086 1919 1196 1984 liberis

162 2101 204 2152 23.
236 2115 317 2166 quam
335 2098 383 2150 abs
401 2100 429 2150 te
447 2114 531 2165 poseo
549 2081 594 2150 au‘
611 2098 721 2167 postulo
740 2097 881 2150 admodum
900 2096 980 2150 dudio
992 2102 1005 2151 t
1018 2096 1106 2150 littero
1117 2114 1201 2166 supra
1214 2097 1263 2149 b'n.
1277 2097 1360 2168 sorap-

163 2189 190 2239 to
204 2188 240 2248 A,
263 2201 344 2254 quam
363 2201 413 2255 ego
431 2201 447 2238 a
464 2189 493 2239 te
510 2184 716 2254 postuloBOD
734 2183 1018 2255 3339103130-
1058 2187 1100 2240 24.
1131 2184 1238 2238 utinam
1255 2183 1308 2238 dl>
1330 2215 1359 2225 -

161 2272 228 2327 item
247 2290 263 2325 a
280 2271 416 2341 principio
433 2271 474 2325 rei
492 2273 661 2341 pepercisses
678 2288 755 2326 meae
769 2275 802 2340 A,
823 2289 838 2324 a
855 2272 993 2341 principio
1011 2273 1052 2328 rei
1068 2273 1137 2327 item
1154 2271 1266 2340 parsissi
1284 2288 1361 2327 meas

162 2359 246 2414 BGD
274 2359 330 2412 m'si
351 2359 420 2429 quod
443 2360 595 2429 aprinoipio
624 2360 658 2429 G,
696 2360 746 2413 Rei
769 2360 838 2414 item
865 2358 931 2428 OD,
963 2360 1071 2414 reiitem
1094 2356 1135 2428 B,
1166 2359 1255 2427 persis
1277 2359 1362 2426 simee

167 2445 201 2514 G,
232 2447 336 2515 persis
361 2447 383 2500 si
405 2463 464 2514 mse
484 2447 514 2498 D
539 2478 571 2487 -
596 2451 628 2502 ut
648 2447 702 2501 OD
726 2479 759 2488 -
783 2448 903 2515 repercis
928 2451 968 2516 A,
998 2447 1119 2516 reparcis
1145 2446 1217 2515 BD,
1248 2463 1278 2501 re
1301 2464 1361 2526 par·

161 2534 200 2588 cis
223 2532 246 2587 Ο
265 2563 294 2574 -
315 2534 397 2588 sauiis
416 2536 457 2602 A,
482 2536 554 2590 nauis
572 2534 657 2589 BGD
676 2534 820 2603 -siquid
842 2533 871 2586 0.
894 2564 919 2575 -
960 2536 1002 2588 26.
1035 2534 1184 2603 Compendi
1203 2533 1277 2602 AD,
1296 2534 1361 2590 Com

160 2619 244 2691 pendi
267 2618 295 2687 Ο,
315 2620 456 2690 Conpendi
474 2622 501 2674 Β
523 2653 552 2662 -
573 2622 677 2677 factum
696 2626 730 2690 A,
749 2621 850 2675 saetam
862 2620 954 2674 BOD.
981 2654 1002 2662 -
1043 2623 1084 2674 27.
1116 2622 1173 2675 Iam
1191 2622 1264 2675 lautu
1283 2638 1312 2675 es
1326 2625 1361 2689 A,

161 2709 219 2763 Iam
236 2707 360 2762 iauiaisse
380 2708 413 2777 B,
432 2709 613 2764 inminuisisse
631 2709 659 2778 Ο,
679 2709 734 2762 iam
752 2708 807 2762 iaui
826 2708 896 2762 aisse
908 2707 939 2760 D
959 2737 991 2746 -
1010 2708 1084 2762 lauta
1137 2708 1205 2762 mibi
1224 2725 1283 2760 cum
1300 2726 1361 2778 per-

161 2813 240 2848 sonae
256 2794 343 2864 spatio
361 2800 385 2848 et
404 2801 464 2849 onte
483 2797 557 2850 lautu
576 2800 676 2866 etpost
696 2797 773 2849 lauta
790 2797 841 2863 A,
871 2795 927 2848 iarn
950 2795 996 2862 pol
1021 2794 1090 2848 mihi
1107 2795 1192 2850 BCD
1215 2794 1274 2848 nisi.
1293 2797 1363 2866 quod

161 2884 218 2939 Iam
241 2883 293 2938 OD
312 2884 446 2952 -quide
469 2883 491 2936 Ο
512 2912 542 2921 -
561 2884 621 2952 adq·
642 2887 668 2935 A
689 2914 721 2923 -
741 2883 828 2938 oeulis
848 2882 942 2950 ABG,
974 2881 1076 2936 oceulis
1094 2882 1133 2934 D,
1158 2912 1182 2923 -
1223 2885 1265 2937 28.
1295 2901 1362 2939 num

165 2969 217 3026 OD
236 3000 270 3012 -
288 2973 399 3027 sordere
416 2971 508 3038 Boo,
528 2972 639 3026 sorbere
658 2975 683 3024 A
704 3001 736 3012 «-
756 2989 811 3026 non
829 2971 864 3039 B,
883 2970 946 3024 Non
968 2968 1079 3023 012-
1117 2971 1160 3024 29.
1190 2987 1286 3024 uarum
1309 2969 1361 3024 OD

162 3088 193 3099 -·
213 3060 350 3128 quondum
369 3059 434 3112 dum
452 3057 540 3112 uiuixi
557 3058 612 3112 fuit
623 3060 660 3128 A,
679 3059 792 3112 memini
811 3059 950 3126 quondam
968 3057 1021 3111 fuit
1033 3054 1118 3109 BGD
1131 3055 1185 3108 nisi
1195 3058 1267 3126 quod
1277 3074 1362 3126 quon·

161 3148 194 3202 ds
214 3147 253 3200 D.
272 3149 305 3186 -'
342 3149 383 3202 30.
416 3147 482 3199 Cum
500 3145 599 3213 ACD,
626 3147 663 3199 Gt
682 3147 709 3199 Β
728 3178 762 3187 -
779 3145 853 3198 inter
870 3161 920 3198 nos
939 3144 1034 3211 ABG,
1057 3140 1150 3197 intnos
1167 3143 1199 3195 D
1219 3173 1247 3183 ·-
1269 3144 1361 3200 sorde·

160 3236 256 3290 bamus
275 3235 319 3286 uel
336 3234 512 3288 sorbebamus
531 3233 579 3300 Α,
612 3233 784 3286 sorderemus
802 3230 887 3284 BOD
910 3260 935 3270 -
959 3231 1029 3285 alter
1047 3231 1083 3285 ds
1100 3231 1188 3285 altero
1206 3233 1250 3299 A,
1281 3232 1362 3288 alteri

161 3321 253 3376 nun.
273 3351 305 3360 -
342 3325 384 3375 31.
416 3321 471 3374 sm
489 3321 569 3388 quor·
582 3321 617 3387 A,
637 3320 691 3373 sm
710 3319 778 3387 quid
795 3319 835 3386 a,
856 3317 972 3385 sesqua
994 3317 1021 3385 e,
1041 3317 1091 3371 ser
1107 3317 1176 3385 quid
1194 3318 1225 3371 n
1249 3349 1273 3358 -
1296 3305 1362 3373 atu-

162 3409 220 3465 diui
237 3410 284 3461 Aa
301 3441 334 3450 -
353 3408 513 3462 Adueniens
536 3405 588 3460 OD
606 3410 738 3460 -tuum
757 3405 877 3459 ABC'D.
900 3435 926 3444 -
966 3407 1008 3458 32.
1041 3405 1114 3472 quod
1137 3404 1189 3457 OD
1215 3435 1240 3444 —
1267 3409 1299 3459 tu
1316 3406 1363 3460 hie

161 3514 205 3551 me
222 3497 337 3551 absente
360 3495 461 3553 Taum·
493 3499 524 3549 tu
543 3512 587 3549 ms
605 3494 651 3549 bic
670 3494 783 3547 absente
801 3494 846 3561 Λ,
878 3494 910 3544 tu
933 3492 979 3546 hio
1005 3493 1120 3546 absente
1143 3509 1188 3546 ms
1206 3492 1290 3546 BOD
1308 3492 1364 3546 nisi

162 3585 232 3655 quod
253 3583 331 3638 tuhic
356 3588 380 3636 st
405 3583 496 3635 deinde
518 3581 748 3652 mensuinegotiis
771 3580 794 3634 0
814 3609 848 3620 -
872 3579 967 3650 negoti
986 3582 1034 3648 A,
1067 3579 1187 3649 negotiis
1204 3579 1295 3634 BOD.
1330 3610 1359 3620 -

163 3675 221 3727 aas.
252 3671 296 3723 tio
313 3687 405 3722 rueram
423 3688 454 3722 ex
472 3671 498 3722 A
518 3668 642 3727 oooosritr
669 3686 719 3723 om.
741 3667 824 3722 BGD
844 3698 873 3709 -
895 3685 957 3722 eum
974 3671 1006 3721 tu
1025 3684 1054 3721 es
1073 3668 1108 3718 A.
1127 3693 1160 3706 -

197 3843 239 3895 24.
276 3856 411 3909 reposcere
434 3840 514 3894 Luer.
532 3840 553 3908 Ι,
573 3841 639 3908 668;
671 3841 746 3910 Sym·
776 3841 800 3906 3,
820 3841 849 3892 ³:
887 3839 1037 3891 consolatur
1068 3856 1110 3890 ms
1137 3843 1215 3907 atquo
1243 3837 1362 3892 animum

162 3928 250 3984 msob
264 3925 348 3996 apl,
363 3927 404 3978 33.
440 3927 570 3980 Fortasse
583 3928 666 3980 etism
679 3930 747 3980 1123
776 3942 862 3978 merom
880 3929 909 3979 et
926 3925 1035 3978 similis.

163 4014 315 4087 roperm'ssos
334 4013 467 4081 seriptum
485 4015 545 4069 fuit.
812 4015 854 4066 29.
891 4016 1038 4080 tempestas,
1060 4017 1176 4081 tempus.
1214 4012 1273 4066 Cas.
1291 4015 1362 4082 prol.

199 4106 240 4157 23.
278 4100 416 4170 compendi
437 4103 534 4171 forero
565 4101 640 4156 Asin.
665 4102 699 4170 11,
723 4103 747 4166 2,
777 4102 808 4168 8,
826 4100 908 4154 Most.
930 4098 970 4152 17.

165 4193 213 4257 417,
236 4190 307 4244 Rud.
320 4189 341 4257 Ι,
355 4191 379 4257 2,
392 4191 441 4259 903
459 4189 542 4243 Poen.
556 4188 577 4256 I,
591 4191 616 4257 2,
632 4190 681 4241 138
696 4189 730 4241 al.
814 4190 872 4242 83a.
901 4189 980 4239 odota
1002 4183 1102 4248 liberis,
1123 4184 1210 4240 dictio
1223 4187 1363 4241 sollemnis

200 4277 240 4330 27.
276 4275 346 4328 miti
362 4281 439 4346 atquo
457 4275 539 4328 ocum
550 4279 614 4328 mm
627 4275 701 4328 Trin.
714 4276 747 4340 ΙΙ,
778 4273 859 4328 etium
881 4273 915 4326 de
931 4290 985 4326 uno
1003 4271 1069 4326 filio.
1088 4271 1123 4326 cf.
1135 4270 1185 4327 inf.
1198 4272 1232 4341 11,
1246 4278 1270 4342 6,
1283 4277 1326 4329 35.
