2956 4852
702 247 806 361 telvm
1127 297 1169 379 II,
1191 302 1220 380 8,
1243 303 1361 365 8-14.
1430 338 1436 348 κ

312 487 355 552 Ut
377 508 434 571 ego
457 487 506 552 his
530 484 726 568 subfringam
749 484 832 550 telos
854 485 929 550 totis
950 483 1092 550 aedibus.

312 588 396 653 Num
417 588 581 672 quidpiam
603 608 717 652 aurum
739 587 844 652 mutat
866 608 970 653 mores
991 588 1186 653 mulierum?
1265 608 1269 614 ’

312 690 485 774 Postquem
506 689 641 754 filiolum
662 689 795 773 peperit,
820 689 944 754 animos
966 690 1104 756 sustulit.

311 791 404 856 Nunc
426 790 517 876 quusi
538 791 617 855 mihi
641 791 743 856 dicat:
766 792 870 876 neque
892 797 924 857 le
945 792 1038 857 iubeo
1061 791 1165 876 neque
1187 797 1263 858 uolo

310 894 468 959 Introire
490 894 523 957 in
546 895 650 959 aedis:
674 892 710 958 el
731 914 788 976 ego
811 894 893 974 nolo,
917 893 982 959 n6n
1004 915 1049 960 eo.

310 996 473 1080 Ego-fuxo
496 996 583 1061 dicct
603 1016 654 1060 me
676 996 709 1060 in
733 995 843 1061 diebus
864 996 1010 1080 pauculis

312 1098 454 1165 Crudum
476 1100 582 1166 uirum
603 1119 680 1163 cese.
702 1096 835 1181 sequere
856 1118 907 1162 me
929 1097 1004 1163 hac:
1029 1098 1162 1164 uerbum
1184 1103 1235 1164 sal
1255 1104 1312 1163 eet.

159 1328 185 1379 8.
216 1342 267 1394 ego
289 1322 332 1378 liin
355 1324 448 1388 Oam.;
480 1342 531 1394 ego
554 1324 630 1378 hisce
648 1323 722 1391 BD,
753 1324 847 1395 egohie
870 1342 902 1378 ce
929 1322 1007 1376 C—
1031 1323 1191 1395 suffringam
1208 1323 1293 1378 BOD
1325 1355 1356 1365 -

160 1412 257 1467 edibus
276 1413 345 1465 B.-
382 1417 406 1469 9.
437 1413 511 1467 Num
528 1412 566 1481 B,
586 1411 666 1466 Nunc
689 1411 742 1466 OD
764 1442 789 1451 -
812 1411 952 1482 quippiam
970 1411 1054 1465 BGD
1072 1430 1222 1467 -aurum
1242 1413 1356 1483 Sparnoi

159 1517 273 1554 cuorum
291 1499 358 1571 BC,
378 1504 463 1555 auerti
481 1500 512 1552 D
535 1530 561 1539 -
582 1502 672 1552 mutel
693 1497 785 1556 Ouum
816 1503 848 1552 ul
872 1503 900 1552 al
917 1499 958 1569 B,
983 1503 1016 1553 ul
1033 1500 1068 1554 ed
1091 1499 1143 1554 OD
1173 1500 1215 1570 (ut
1232 1501 1359 1554 admoneo

160 1589 209 1656 D).
241 1619 273 1629 -
312 1592 352 1643 10.
382 1588 498 1643 filiolum
519 1589 614 1645 Cam:
644 1585 764 1641 filiorum
781 1587 821 1656 B,
844 1586 979 1641 Filiorum
1000 1586 1113 1642 012-
1152 1593 1192 1643 11.
1222 1605 1311 1657 neque
1329 1593 1369 1644 te*

162 1676 275 1746 cmo„-
295 1680 375 1730 necte
386 1676 421 1745 B,
440 1676 527 1730 Necte
543 1675 572 1744 0,
591 1676 695 1742 Hecto
712 1674 743 1727 D
763 1706 796 1715 -
814 1692 903 1742 neque
919 1678 985 1730 uolo
1006 1675 1102 1744 Spenq.
1123 1675 1195 1738 (duce
1218 1676 1292 1730 Cam.
1312 1675 1360 1746 qui

159 1782 211 1818 nec
229 1766 314 1832 uelo),
343 1781 431 1833 neque
449 1764 512 1818 uolo
530 1763 597 1832 Bc,
616 1779 671 1831 neq
688 1762 808 1817 uoloD.
840 1791 873 1802 -
911 1764 950 1816 12.
982 1762 1101 1816 Introire
1119 1762 1154 1832 B,
1172 1763 1288 1819 introire
1304 1762 1357 1817 OD

163 1882 189 1892 -
210 1853 240 1906 in
258 1853 316 1907 edio
334 1851 361 1903 B
379 1855 461 1905 -el
483 1850 549 1920 OD,
568 1852 604 1906 ad
621 1851 656 1904 B.
679 1879 706 1890 -
747 1854 788 1905 13,
817 1849 847 1904 in
866 1848 962 1904 diebus
981 1849 1179 1918 B,·indiebus
1196 1851 1241 1920 D,
1271 1851 1359 1907 inedi-

159 1941 211 1994 bus
233 1938 262 1992 0.
294 1970 325 1979 -
366 1943 406 1992 14.
437 1938 488 1994 hee
506 1939 572 2006 BD,
591 1939 662 1993 hunc
684 1936 754 1991 C—
775 1937 890 1989 uerbum
907 1941 949 1991 eal
967 1942 1010 1992 eet
1032 1937 1092 2007 OD,
1111 1939 1199 1993 uerbu
1218 1943 1304 1993 ualent
1321 1939 1357 1993 B.

193 2154 218 2204 8.
254 2148 425 2219 subsrinpam
445 2147 522 2210 talou,
542 2147 601 2200 Mil.
614 2147 648 2216 II,
668 2147 692 2213 2,
715 2149 744 2214 1;
772 2145 870 2200 Bacch.
883 2147 928 2215 IV,
948 2151 972 2216 9,
993 2150 1055 2203 12οε
1076 2166 1121 2218 eqo
1140 2166 1222 2218 neque
1240 2153 1264 2201 to
1282 2147 1357 2202 iubeo

160 2239 231 2292 Rud.
249 2238 295 2306 IV,
313 2241 337 2304 4,
359 2237 399 2291 15.
420 2265 452 2275 -
481 2233 542 2287 tolie
560 2233 667 2287 oedibus
685 2233 745 2288 Mil.
774 2251 854 2303 nequo
872 2239 930 2287 vuele
948 2252 1029 2305 neque
1046 2235 1151 2296 suadeo.
1185 2235 1311 2290 Ceterum
1324 2255 1358 2291 ex

158 2326 193 2396 II,
212 2332 237 2396 3,
256 2329 298 2382 39.
533 2356 535 2361 ·
773 2321 816 2376 hie
834 2322 926 2375 uerbis
944 2324 1130 2393 colligendum
1147 2325 1257 2379 uidetur
1273 2325 1360 2379 Phro-

195 2417 220 2469 9.
256 2413 354 2468 Nonne
376 2429 473 2465 eurum
491 2425 581 2463 mores
599 2407 745 2460 mulierum
774 2409 879 2463 nenium
905 2410 978 2465 fores
1005 2428 1059 2464 non
1078 2412 1224 2466 occlusisse
1243 2413 1291 2467 sed
1308 2414 1359 2467 mi·

159 2519 270 2570 prorsus
289 2501 433 2554 immutare
452 2495 564 2567 potest?
584 2495 645 2548 Aul.
664 2495 698 2562 Il,
719 2496 743 2562 2,
759 2498 850 2550 litem
880 2514 908 2551 ee
936 2515 986 2566 pro
1011 2500 1121 2554 excluso
1143 2499 1245 2554 habere
1268 2501 1304 2570 (u.
1324 2501 1358 2570 5),

159 2592 206 2644 87:
232 2605 328 2640 aterum
346 2586 411 2657 quid
428 2585 517 2638 ualet!
544 2613 572 2624 -
607 2580 744 2651 quippiam
773 2586 838 2655 quio
855 2587 903 2639 ille
920 2586 1007 2639 lecito
1025 2587 1139 2642 abierut.
1158 2620 1192 2629 —
1210 2589 1251 2642 De
1269 2588 1359 2642 formu

159 2676 215 2730 uid.
234 2693 292 2745 sup.
312 2676 347 2729 ed
366 2674 400 2743 II,
419 2677 444 2743 4,
464 2676 505 2728 78.
773 2678 832 2725 uolo
852 2673 887 2727 cf.
905 2672 1019 2728 Goreeen
1038 2677 1312 2745 Ausspr.1,p.236.

196 2767 237 2818 11.
273 2763 354 2816 Num
366 2761 445 2833 quasi
462 2762 489 2815 h.
502 2779 525 2816 e.
545 2761 626 2815 ‘nunc
638 2761 679 2814 ile
689 2777 745 2814 me·

159 2869 222 2906 cum
240 2851 300 2922 agit
317 2852 395 2920 quani
412 2849 481 2904 mihi
500 2849 591 2919 dioel’,
610 2849 742 2904 cillere.

158 2939 190 3008 V,
212 2943 236 3008 3,
257 2943 284 3006 13
307 2938 405 2993 Pseud.
423 2938 457 3007 II,
479 2940 503 3006 2,
523 2941 570 3007 373
586 2941 630 3003 ,39
650 2937 685 2991 al.
712 2969 741 2980 -

158 3044 239 3096 neque
257 3032 281 3079 to
299 3025 373 3078 iubeo
391 3043 472 3096 neque
491 3029 561 3090 uolo,
584 3025 661 3079 Cure.
678 3025 699 3093 1,
719 3026 743 3092 2,

158 3116 206 3168 58;
234 3113 260 3166 ei
278 3113 355 3179 lubet,
375 3130 457 3182 neque
475 3116 532 3165 ueto
551 3129 632 3183 neque
651 3110 741 3169 iubem-
810 3113 851 3164 14.
887 3112 1005 3165 Domum
1023 3129 1099 3165 ouem
1118 3111 1186 3192 abit,

810 2818 850 2868 13.
886 2813 915 2867 in
940 2813 1028 2867 diebus
1048 2814 1175 2884 pauculis
1194 2817 1270 2886 Cepi,
1287 2817 1309 2885 I,
1332 2819 1357 2886 2,

774 2903 821 2956 65:
841 2899 868 2955 iu
887 2901 929 2955 hie
946 2900 1050 2960 diebus:
1070 2902 1168 2957 Pseud.
1179 2904 1200 2973 1,
1219 2908 1243 2972 3,
1262 2905 1308 2959 82;
1329 2903 1358 2957 in

773 2988 822 3040 loe
840 2989 937 3044 triduo.
