2956 4852
47 316 50 325 ·
114 297 140 383 1,
165 299 194 377 2,
217 297 353 375 10-612.
401 360 404 367 ,
605 313 823 358 6666666666.
1274 295 1312 359 le

466 479 522 544 Sin
543 465 654 544 uident
675 476 859 563 quempiam
1332 497 1366 549 10

372 581 412 647 Se
435 579 616 662 adseruare,
639 580 806 661 obltdunt,
829 581 885 666 661
907 579 1072 656 disteden
1093 578 1264 653 oblectent.
1308 632 1310 637 Α

369 682 431 748 Per
452 681 593 765 idenlum
617 688 650 748 61
669 683 782 759 ludiim
804 682 842 746 de
865 680 975 747 nostrd
997 701 1092 765 saepe
1113 679 1256 763 66161661,

114 885 148 896 -
185 853 239 925 (13)
260 854 300 908 10.
325 852 354 906 16
377 869 436 906 eum
462 871 546 914 66666
572 852 658 924 spatio
677 852 837 924 16616166
854 851 883 905 ia
901 869 985 904 66666
1002 869 1112 905 scaenae
1133 850 1254 921 exordio)
1275 855 1316 903 rc·
1370 918 1372 922 Ι

116 997 178 1051 licto
195 997 226 1051 D
245 1028 276 1038 -
296 998 444 1053 adseruare
465 998 530 1069 01),
556 956 701 1067 6116666666
718 998 765 1050 Ba
784 1028 815 1038 -
836 996 973 1051 abludunt
997 997 1032 1063 Z,
1064 997 1215 1050 obludeant
1233 994 1318 1048 BCD

115 1115 149 1123 -
170 1083 313 1138 Oblettent
333 1083 363 1139 0.
385 1117 417 1126 -
455 1086 509 1155 (14)
530 1087 572 1138 11.
603 1087 638 1139 de
656 1088 752 1138 nostro
776 1083 842 1153 01),
867 1085 954 1138 desire
971 1083 999 1135 B
1017 1113 1050 1122 —
1069 1099 1134 1151 sepe
1152 1081 1207 1135 BC
1224 1111 1257 1120 -
1276 1097 1318 1134 ra-

114 1171 196 1240 piunt
214 1170 329 1239 Spea9.;
350 1171 453 1225 aedunt
470 1171 532 1240 Be,
552 1172 746 1254 61166111-
775 1172 829 1241 (15)
852 1172 890 1223 ll.
916 1170 1010 1238 lepido
1029 1187 1076 1223 ore
1096 1170 1212 1238 Spenq.;
1233 1167 1319 1221 secto·

113 1275 177 1312 rum
194 1258 230 1327 B,
253 1257 383 1312 Fertores
406 1259 466 1312 01),
488 1287 515 1298 -
555 1260 609 1328 (16)
630 1261 671 1314 12.
702 1259 779 1312 661116
801 1257 897 1315 Cam,-
932 1257 1023 1310 6616116
1042 1256 1101 1308 BD
1125 1260 1149 1307 et
1175 1273 1234 1307 666
1258 1271 1318 1308 aar.

115 1349 184 1414 spat.
207 1344 230 1398 0
250 1374 278 1382 —
298 1345 345 1412 pol
363 1362 412 1398 uos
432 1345 549 1414 sponna
569 1347 626 1417 poli
644 1363 675 1400 ee
690 1363 739 1401 uos
754 1346 790 1416 B,
809 1346 856 1415 pol
873 1345 949 1399 Haec
966 1361 1016 1398 uos
1032 1343 1062 1414 O,
1081 1343 1128 1412 pol
1145 1341 1206 1422 Hee
1223 1358 1272 1395 uos
1288 1339 1319 1393 D

117 1460 149 1472 -
168 1431 244 1484 hand
264 1430 330 1502 OD,
349 1435 398 1485 aut
415 1433 451 1486 B.
473 1463 502 1473 -

151 1570 206 1640 (11)
225 1572 265 1623 10.
297 1570 411 1625 Ludunt
428 1571 503 1624 inter
520 1587 549 1624 se
566 1575 705 1625 6166616·
733 1569 879 1640 graphius:
900 1569 1087 1640 quisereiuat
1103 1574 1131 1623 61
1144 1567 1319 1622 inmeliorare

115 1658 160 1713 dis
186 1659 280 1711 oeulos
303 1675 320 1710 6
345 1675 375 1713 66
399 1662 534 1713 anement.
584 1658 706 1713 Distinxi
734 1658 858 1726 scemam
873 1656 1061 1728 6166666661.
1096 1658 1164 1710 Post
1180 1655 1254 1713 hunc
1271 1653 1322 1708 Te·

114 1748 180 1812 post
189 1744 328 1807 61161666
348 1747 432 1815 uulgo
449 1763 518 1800 uoce
537 1745 629 1798 1661661
646 1762 705 1799 sen·
734 1746 807 1798 renti
831 1761 941 1798 uersum
963 1746 1028 1799 libri
1054 1744 1204 1798 deteriores
1234 1745 1263 1795 61
1292 1742 1322 1798 16
1350 1775 1361 1818 )

114 1832 204 1886 166116
221 1832 394 1886 terminatur.
733 1833 867 1886 Bembino
885 1849 981 1885 manus
999 1832 1137 1886 recentior
1149 1846 1262 1898 aucupes
1275 1829 1322 1887 sd·

151 1920 206 1986 (14)
220 1920 260 1970 11.
297 1920 357 1973 Hoc
380 1919 462 1988 uult,
493 1919 561 1972 istos
579 1918 703 1971 homines
732 1920 810 1986 dunt,
828 1937 882 1987 666
902 1923 997 1987 aperte
1015 1920 1223 1988 glossemate-
1244 1933 1322 1969 num·

115 2005 183 2059 dum
206 2005 307 2059 ludunt
330 2024 398 2061 uasa
422 2023 505 2059 aurea
528 2009 556 2059 et
573 2009 705 2074 argentea
734 2007 787 2059 eris
806 2007 879 2059 enim
897 2007 1037 2075 respuitur
1063 2037 1092 2046 -
1118 2006 1254 2076 glossator
1273 2003 1328 2055 ali-.

116 2096 145 2149 et
162 2092 247 2145 aliam
264 2093 415 2163 pretiosam
439 2093 640 2163 supellectilem
664 2091 705 2145 fu·
736 2094 796 2162 quis
820 2094 891 2147 illud
915 2095 1039 2162 sartores
1064 2097 1139 2146 reete
1163 2091 1322 2160 explicauit.

114 2180 181 2233 rari.
221 2179 348 2234 Ceterum
380 2184 408 2234 61
439 2181 492 2233 hoo
522 2183 550 2233 61
579 2180 705 2249 proximo
732 2181 831 2234 Eidem
858 2184 923 2233 sunt
941 2181 1065 2248 fartores
1083 2179 1149 2233 Hor.
1169 2179 1225 2233 Sat.
1243 2178 1277 2247 Π,
1296 2180 1321 2245 3,
1389 2195 1395 2204 ·

114 2282 198 2320 uersu
222 2284 306 2335 quam
332 2267 369 2321 sit
391 2267 522 2336 procliuis
549 2267 704 2321 emendatio
734 2269 792 2318 229.
822 2297 850 2306 -
891 2267 974 2325 Posui
1005 2267 1078 2335 quod
1108 2267 1182 2320 hune
1211 2281 1322 2319 sensum

115 2372 173 2408 non
190 2371 235 2408 me
253 2354 334 2425 sugit·
733 2354 891 2422 praeberet:
911 2355 977 2408 dum
995 2352 1124 2406 furantur
1140 2354 1170 2407 id
1187 2352 1280 2421 lepido
1293 2355 1322 2404 et

151 2440 208 2510 (11)
222 2444 264 2496 11.
299 2440 395 2495 Lectio
424 2441 539 2510 uulgata
566 2444 608 2493 est
637 2439 707 2511 quod
733 2441 825 2494 iocoso
843 2441 924 2494 uultu
942 2439 1048 2493 faciunt
1066 2441 1144 2508 quasi
1161 2439 1230 2493 nihil
1249 2456 1322 2494 eem-

110 2528 237 2596 ι11616666
257 2527 385 2597 sariunt,
417 2544 487 2596 quae
511 2528 550 2581 sie
574 2528 707 2595 explicari
733 2529 867 2581 miserint.

116 2615 200 2669 solet:
220 2615 293 2684 ‘quia
311 2617 346 2669 de
365 2614 404 2669 eis
422 2632 492 2684 quae
511 2617 546 2669 ad
565 2632 610 2669 eos
630 2616 705 2668 dela·
786 2615 912 2669 Ceterum
930 2632 956 2666 u.
970 2613 1098 2683 (1)-(15)
1117 2614 1146 2666 16
1158 2613 1180 2666 Β
1193 2614 1321 2667 undecim

116 2704 238 2770 166661,
257 2707 289 2755 61
307 2701 452 2755 sarcimine
470 2702 588 2771 saciant,
607 2703 704 2756 66661-
733 2721 829 2757 uersus
860 2701 1054 2770 complectitur
1084 2701 1131 2769 qui
1156 2701 1200 2755 his
1228 2702 1321 2755 uerbis

116 2789 159 2843 hil
177 2789 328 2843 detrahunt
346 2807 432 2859 eoque
449 2790 617 2843 uescuntur.’
647 2791 703 2845 Ad·
733 2791 936 2846 terminantur:
980 2787 1053 2840 aedes
1077 2819 1112 2829 -
1137 2787 1261 2841 adueniat
1287 2818 1321 2828 -

116 2876 232 2943 modum
249 2877 363 2946 languet
385 2876 455 2931 haee
472 2877 641 2946 comparatio
658 2894 705 2930 ne·
733 2896 780 2931 666
802 2909 831 2917 -
853 2893 939 2929 mores
958 2905 992 2915 -
1010 2873 1102 2943 petinet
1117 2904 1151 2913 -
1166 2890 1321 2942 66666666

117 2980 172 3032 666
201 2963 366 3017 crediderim
393 2964 456 3017 illos
485 2966 531 3031 qui
561 2963 706 3019 sarcimine
736 2996 767 3004 -
783 2965 993 3017 6616666661-
1007 2967 1133 3030 66661-
1149 2961 1320 3016 CLEPTAE·

117 3049 260 3104 faciebant
275 3050 397 3104 serarum
416 3051 473 3104 ritu
491 3052 604 3104 crudam
623 3053 705 3105 istam
736 3083 767 3093 -
787 3052 913 3104 oblectent
932 3081 962 3089 -
977 3048 1099 3118 sociarat,
1119 3066 1173 3118 qua
1190 3065 1321 3102 uersuum

116 3153 232 3193 ‚earnem
253 3139 412 3192 comedisse.
458 3139 589 3192 Decernit
613 3144 706 3192 autem
734 3139 929 3193 distributione
957 3140 1067 3190 seruata
1090 3136 1236 3189 audaciore
1263 3152 1322 3189 mu·

117 3227 244 3285 nostram
262 3242 383 3293 oausam,
410 3226 484 3293 quod
503 3224 639 3279 sartorum
657 3244 704 3279 no·
733 3227 839 3279 tatione
857 3243 925 3293 opus
944 3225 982 3277 sit
998 3224 1038 3290 (16
1055 3240 1109 3293 666
1122 3221 1247 3277 consultas
1261 3240 1320 3275 666-

117 3329 184 3366 men
204 3328 222 3364 a
243 3312 373 3367 Romanis
395 3331 451 3366 non
481 3313 520 3366 eis
542 3314 704 3367 hominibus
732 3312 892 3379 61111661)
924 3315 957 3365 61
987 3315 1051 3365 tetr.
1081 3312 1177 3365 bacch.
1207 3314 1321 3387 septem,

116 3399 225 3454 inditur
247 3399 295 3466 qui
312 3399 458 3454 sarcimine
475 3400 582 3466 faciunt
600 3402 647 3455 sed
666 3401 704 3454 eis
732 3404 796 3454 tetr.
816 3400 898 3453 iamb.
918 3416 958 3453 ae.
977 3416 1076 3468 unum,
1095 3402 1159 3454 tetr.
1179 3417 1258 3468 anap.
1279 3415 1321 3455 ae.

118 3488 167 3557 qui
190 3504 255 3540 aues
278 3485 406 3542 sarciunt.
443 3489 487 3541 Ita
511 3492 607 3557 aperte
625 3490 703 3543 Colu-
734 3490 801 3543 duos
821 3487 932 3540 efficias.

118 3575 203 3629 mella
215 3576 288 3643 VIII,
307 3574 331 3643 7,
354 3578 380 3629 l:
395 3574 524 3645 pinquem
542 3593 641 3645 qaoque
654 3577 703 3644 su·
768 3576 878 3643 (16)]1.
914 3570 1144 3625 Emendationem
1158 3576 1321 3640 exspectant

117 3680 177 3717 cere
191 3661 323 3732 pollinam
341 3681 501 3733 qrmrnquom
513 3661 634 3732 sartores
652 3680 705 3715 666
733 3662 819 3715 uerba
827 3661 877 3729 pol
889 3677 944 3720 uos,
965 3676 1031 3711 nam
1048 3661 1077 3711 et
1090 3676 1137 3709 666
1149 3662 1178 3712 61
1189 3659 1320 3713 iteratum

117 3747 217 3802 rustici
239 3749 276 3803 61
300 3750 424 3821 officium
442 3755 471 3804 et
487 3752 560 3804 lncr.
580 3750 658 3803 Grut.
676 3767 702 3818 p.
729 3749 779 3818 pel
798 3747 941 3801 offendunt
954 3750 982 3797 61
995 3745 1070 3798 aliud
1083 3746 1170 3800 latere
1183 3749 1321 3816 scriptura

118 3836 173 3899 180
190 3853 219 3891 n.
233 3838 279 3891 15:
302 3837 453 3906 Antigronus
471 3836 561 3889 Drusi
581 3835 705 3889 06666νὶ6
734 3835 824 3890 cod.B
838 3834 925 3888 docet.
953 3832 1320 3887 Dubitantertentaueram:

116 3923 212 3981 auium
225 3923 420 3993 ι1616666166.
432 3924 506 3993 jecit
524 3922 632 3992 6661691
637 3944 645 3980 c
678 3928 706 3976 et
733 3927 910 3992 spectatorum
922 3918 987 3971 satis
1002 3919 1203 3991 6661666661]
1222 3938 1271 3976 me.
1286 3949 1319 3959 -

118 4011 180 4064 Ter.
199 4009 270 4062 Eun.
290 4011 324 4079 ΙΙ,
343 4013 367 4080 2,
386 4013 433 4064 26:
471 4009 591 4074 Cebtrie',
626 4009 703 4075 lanii,
734 4010 775 4063 De
800 4008 937 4062 sententia
960 4005 1055 4060 oonser
1076 4008 1158 4060 Most.
1176 4009 1197 4075 1,
1216 4009 1240 4077 3,
1262 4010 1319 4062 123.

119 4095 209 4167 coqui,
225 4098 348 4166 ι166ίὸ666
361 4098 524 4166 piscatione,
550 4097 598 4150 ubi
615 4098 705 4151 Dona·
735 4127 769 4136 —
803 4097 975 4164 Anapaestos
996 4094 1171 4147 essebonum
1188 4111 1320 4149 uersuum

117 4186 164 4237 tus
182 4200 328 4253 perperam
346 4186 479 4255 explieat:
503 4185 551 4256 qui
567 4184 663 4237 insieic
681 4189 706 4236 ct
734 4199 861 4237 numeros
888 4181 1027 4235 intellexit
1045 4180 1122 4243 Stud.
1139 4180 1282 4249 (Zeitsehr.
1300 4181 1320 4234 1.

116 4262 269 4339 sarcimine
281 4271 409 4342 faciunt,
443 4278 540 4329 contra
557 4276 633 4327 recte
649 4272 704 4326 Eu·
735 4273 830 4339 Gymn.
851 4271 926 4322 1864.
947 4287 973 4339 p.
992 4268 1063 4337 53⁵).

1060 4372 1092 4423 2*
