2956 4852
128 322 190 404 HI,
216 326 242 402 l,
269 327 360 387 1-7.
619 341 834 384 ruvcvuuurvs.

593 964 869 1048 STRABAX.
914 1074 919 1098 ¹

185 1244 248 1309 Str.
282 1245 348 1309 Rus
369 1243 463 1310 mune
485 1245 605 1310 dudum
628 1245 703 1309 hinc
724 1244 845 1307 treme
866 1243 959 1307 iussit
981 1247 1074 1326 pater
1300 1258 1347 1326 111,
1357 1260 1381 1311 1.

286 1347 327 1412 Vt
347 1346 451 1412 bubus
472 1346 622 1429 glandem
643 1345 778 1430 prendic
801 1345 1031 1429 deprimerem.
1249 1345 1252 1364 '

282 1449 358 1514 Post
378 1448 574 1531 ilicoquem
595 1449 680 1528 ueni,
702 1446 845 1526 aduenit,
868 1449 894 1511 si
917 1447 986 1511 deis
1007 1447 1122 1530 placet,

284 1551 332 1615 Ad
355 1551 476 1630 uillam,
499 1556 665 1634 argentum
689 1550 759 1615 mee
782 1551 837 1634 qui
860 1549 997 1615 debebit
1018 1550 1113 1633 petri,
1137 1573 1145 1579 ·

284 1653 345 1732 Qui
367 1653 436 1718 cuis
458 1653 649 1718 Tarentinas
671 1652 742 1716 erat
762 1657 923 1717 mercatus
945 1651 984 1716 de
1006 1657 1108 1735 patre.

283 1755 416 1834 Quaerit
436 1761 579 1840 petrem:
604 1753 765 1821 dioceses
788 1757 820 1818 iu
842 1756 931 1836 urbe,
954 1754 1126 1838 interrogo,

284 1857 369 1936 Quid
391 1857 464 1922 euim
486 1857 575 1924 uelit.
968 1855 973 1862 ’

281 1959 385 2024 Home
408 1959 584 2024 cruminam
608 1959 678 2039 sibi,
700 1959 739 2024 de
762 1959 843 2024 collo
865 1957 1016 2038 detrahit,

200 2224 333 2299 Stratiiex
350 2232 521 2288 RVSTIOVS
540 2232 705 2286 ANCPLLA·
724 2232 784 2300 (εἰσ)
803 2232 845 2297 Β,
878 2231 1081 2286 STRATILAX
1106 2229 1243 2284 SERVVS
1268 2229 1331 2282 AN-

132 2319 244 2373 GILLA·
267 2318 300 2389 0,
329 2319 534 2374 STRATILAX
555 2320 656 2375 SERV’
674 2318 839 2372 ANGILLA’
858 2319 918 2372 add.
939 2318 993 2370 De.
1012 2349 1046 2360 -
1084 2323 1106 2371 1.
1138 2317 1195 2370 Rus
1213 2314 1279 2384 BC,
1298 2332 1331 2368 us
1447 2327 1452 2333 ’

12 2465 19 2475 .
132 2423 190 2458 cum
207 2411 274 2476 spat.
295 2406 353 2462 init.
367 2407 423 2475 Db,
442 2407 471 2460 ui
488 2406 545 2459 Da.
566 2438 596 2446 -
634 2408 658 2459 2.
688 2408 816 2476 glandem
834 2407 869 2476 Β,
888 2407 1016 2460 Clendem
1037 2406 1066 2475 0,
1086 2406 1219 2461 Glandem
1237 2404 1276 2456 D.
1295 2435 1330 2445 -

133 2497 156 2546 3.
187 2512 269 2562 quem
287 2495 351 2548 ueni
370 2496 485 2564 Specus
517 2495 582 2548 ueni
599 2512 681 2563 quem
698 2493 783 2548 ‘BOD
803 2525 833 2534 -
854 2494 967 2548 aduenit
985 2495 1008 2547 si
1027 2495 1069 2547 dis
1087 2496 1180 2562 placet
1199 2494 1229 2562 Z,
1248 2493 1330 2546 adue·

131 2580 174 2634 nis
191 2581 261 2635 ideis
279 2582 371 2651 placet
388 2583 423 2650 B,
444 2582 558 2636 aduenis
576 2583 648 2636 Ideis
666 2583 757 2652 placet
778 2581 830 2635 OD
848 2581 904 2634 nusi
920 2582 990 2652 quod
1011 2583 1043 2637 Id
1066 2583 1105 2637 eis
1123 2583 1154 2634 D
1171 2612 1201 2621 -
1226 2581 1261 2635 ad
1280 2581 1330 2634 uil-

131 2669 186 2721 lam
206 2670 238 2739 Z,
258 2670 294 2724 ed
312 2670 409 2723 billum
426 2671 465 2739 B,
485 2670 618 2725 edbillum
640 2668 721 2738 ulia,
740 2670 872 2724 eduilism
890 2669 944 2723 Dc.
963 2702 996 2712 -
1034 2673 1057 2723 5.
1088 2670 1141 2737 Qui
1158 2669 1217 2723 ouis
1230 2669 1330 2723 Teren·

130 2757 202 2810 tinus
221 2747 280 2812 eret
300 2760 336 2826 Z,
365 2758 424 2825 Quo
442 2758 559 2812 uisteret
576 2759 716 2812 inerserunt
733 2758 774 2826 Β,
805 2757 864 2823 Quo
888 2758 931 2811 uis
957 2761 1042 2813 steret
1059 2760 1181 2812 suaserat
1202 2757 1256 2811 OD
1278 2755 1333 2808 nusi

131 2844 201 2912 qrtod
216 2844 245 2897 iu
263 2849 373 2914 eserunt
384 2845 422 2897 D.
444 2876 476 2910 ··.
513 2848 537 2898 6.
568 2845 665 2912 Querit
682 2845 722 2913 Β,
745 2846 837 2912 querit
859 2844 919 2898 01).
938 2875 971 2884 —
991 2837 1054 2899 ⁴7e.
1085 2845 1155 2898 uelit
1172 2844 1230 2913 Dc,
1250 2844 1332 2897 uellit

132 2930 242 2985 BCDa.
262 2961 294 2970 -
332 2934 380 2987 7b.
411 2950 568 2987 crumenam
585 2932 645 3000 Dc,
672 2932 823 2985 cruminam
841 2931 943 2984 BODa
964 2963 993 2972 -
1018 2932 1141 2986 detrahit
1162 2931 1251 2988 Cam:
1284 2932 1330 2985 de·

131 3020 218 3072 traxit
234 3018 326 3073 BOD.
349 3051 373 3060 -

168 3263 192 3312 2.
228 3259 310 3312 bubus
327 3260 451 3326 qlandem
469 3259 504 3312 cf.
524 3258 590 3312 Ceto
609 3259 636 3312 d.
654 3275 717 3311 rur.
750 3257 862 3310 Tarenti
877 3259 950 3313 Men.
970 3260 1039 3327 prol.
1057 3260 1101 3327 39)
1119 3262 1151 3312 ut
1168 3259 1332 3327 monosylla-

133 3364 193 3416 csp.
206 3350 240 3401 54
259 3351 287 3401 et
304 3351 352 3416 60;
371 3347 473 3401 Colum.
485 3347 531 3415 vl,
551 3365 574 3400 e.
589 3350 604 3400 3
623 3349 651 3400 et
669 3346 716 3414 XI,
746 3346 813 3400 bum
831 3346 868 3399 sit
885 3346 952 3399 ouis.
975 3377 1007 3387 -
1031 3346 1073 3400 De
1091 3347 1189 3399 cuibus
1206 3345 1331 3399 Tarenti·

117 3451 191 3504 cup.
211 3437 235 3487 2.
745 3435 788 3486 nis
807 3434 871 3487 uide
889 3433 992 3487 Colum.
1010 3434 1070 3501 VII,
1089 3452 1113 3487 c.
1127 3435 1157 3501 23
1176 3433 1246 3485 Plin.
1256 3433 1331 3500 v111,

169 3526 193 3576 3.
224 3525 336 3590 post-
356 3539 436 3590 quam
460 3521 488 3575 in
514 3507 608 3587 tmesi,
636 3540 718 3591 quem
747 3520 1080 3588 c.48;H01-.0d.v].-
1104 3525 1163 3571 ertit
1180 3525 1331 3572 mercatus.-

133 3625 188 3661 uou
205 3609 299 3677 inepte
316 3609 433 3676 Pylades
452 3611 536 3663 etiem
552 3610 653 3664 Bacch.
671 3610 717 3677 IV,
746 3608 881 3676 Exempla
899 3608 964 3661 uide
982 3607 1055 3675 epud
1071 3606 1146 3659 Brix‚
1159 3607 1246 3676 prees.
1256 3608 1330 3661 Trin.

133 3700 158 3764 9,
177 3699 193 3749 8
211 3696 343 3749 restituit.
362 3729 395 3738 -
426 3695 452 3747 si
474 3697 528 3749 dcis
548 3699 652 3767 placet,
685 3714 719 3750 ex
745 3714 772 3764 p.
793 3699 834 3749 14.

132 3782 245 3835 deorum
263 3784 418 3853 uoluntate
432 3802 501 3853 quac
514 3785 621 3854 phrasis
635 3785 719 3840 etiem
756 3788 824 3836 ·7c.
860 3782 934 3834 Heee
958 3781 1080 3834 clausula
1103 3781 1222 3836 iambica
1239 3768 1332 3837 admo·

132 3861 256 3938 perfecte
274 3876 398 3938 tempore
411 3873 578 3942 adiungitur,
597 3872 674 3941 Gept.
682 3872 716 3941 11,
747 3872 813 3924 dum
831 3870 916 3922 dubie
934 3873 984 3922 cst.
1018 3869 1125 3922 Desunt
1150 3870 1223 3922 enim
1242 3888 1331 3923 exem·
1381 3882 1386 3889 ·

134 3962 164 4025 3,
190 3961 232 4013 94.
282 3958 321 4012 Cf.
346 3959 415 4012 Rost
437 3958 536 4027 Opusc.
559 3977 587 4028 p.
606 3962 656 4013 271
677 3978 716 4029 sq.
745 3959 800 4027 pla.
842 3957 938 4026 Neque
960 3957 1050 4010 minus
1075 3958 1211 4026 posterior
1236 3974 1331 4010 uersus

83 4051 85 4056 ’
135 4075 165 4084 -
187 4045 257 4109 illoc,
279 4046 345 4100 illuc
363 4046 399 4100 cf.
417 4047 492 4100 Brix.
511 4048 547 4100 ed
565 4046 641 4115 Cept.
656 4051 716 4101 477.
745 4064 808 4114 pers
827 4038 1006 4099 intercidisse
1023 4048 1116 4114 potest
1140 4063 1222 4113 quum
1241 4046 1331 4098 deleto

169 4135 194 4186 5,
229 4133 398 4203 Ambiguum
416 4139 458 4187 est
477 4138 570 4188 utrum
587 4132 642 4196 Qui
659 4137 717 4186 ortis
750 4122 869 4195 Quaerit,
875 4137 982 4202 patrem
1001 4132 1212 4185 unus·senerius
1224 4132 1330 4200 prodit:

137 4219 298 4273 Parietinae
315 4222 387 4289 (coll.
401 4221 572 4291 scriniarius
590 4222 664 4275 Trin.
681 4222 717 4290 ΙΙ,
746 4219 818 4272 Dico
842 4224 896 4273 e'cce
920 4219 948 4272 in
972 4220 1049 4286 urbe,
1082 4219 1233 4288 interum,
1266 4218 1331 4288 quid

133 4310 158 4374 4,
178 4307 222 4374 55)
247 4323 282 4360 an
304 4296 360 4370 Qui
382 4307 448 4361 ous'r'
462 4304 621 4369 Tarentinas
645 4309 717 4378 (coll.
746 4309 806 4360 eim
824 4307 896 4362 uelit.
1142 4301 1145 4309 ’
