2956 4852
112 595 147 648 60

704 299 817 339 rmvrr.
1108 274 1152 353 II,
1174 280 1204 354 4,
1227 280 1363 342 60-68.

293 463 390 542 Quasi
411 462 471 545 prd
493 482 652 546 puerpera
674 461 726 525 hic
747 461 919 544 procuras?

875 561 949 626 Phr.
974 561 1136 645 Quippini,

289 665 351 730 Ubi
374 665 442 730 sine
465 664 573 729 labore
596 664 648 730 res
670 665 737 748 geri
759 662 868 747 pulcri
891 664 1017 747 potest?

282 766 356 850 '[Ad
378 786 471 830 suum
494 785 651 848 quemque
673 772 840 848 aequomst
861 770 1030 848 quaestum
1052 784 1121 828 esse
1143 764 1321 849 callidum]

199 867 248 931 Di.
287 867 370 945 Quid
393 866 444 931 me
465 867 649 946 futurumst,
672 866 801 951 quimdo
823 867 914 932 miles
935 865 1085 931 uenerit?

294 967 478 1032 Relictusne
501 969 611 1034 abste
634 969 766 1034 uiuam?

722 1070 796 1134 Phr.
820 1063 892 1136 'Ubi
914 1068 994 1133 illud
1016 1068 1102 1151 quod
1124 1069 1199 1134 uolo

294 1170 427 1236 Habebo
449 1171 489 1235 ab
511 1171 577 1250 ilio,
600 1171 692 1235 sicile
714 1172 852 1250 inuenio,
877 1169 940 1254 qud
963 1170 1057 1235 modo

294 1272 474 1338 Diudrtium
497 1279 530 1338 et
552 1272 745 1339 discerdiam
767 1274 851 1338 inter
874 1271 931 1336 nos
953 1293 1074 1356 parem.

292 1374 367 1438 Post
389 1373 423 1438 id
446 1395 503 1458 ego
526 1381 640 1454 tecum,
664 1373 737 1438 mia
757 1375 916 1458 uoluptas,
939 1374 1039 1457 risque
1062 1395 1116 1439 ero

295 1476 444 1540 Adsiduo.

421 1577 471 1640 Di.
495 1577 596 1642 Immo
620 1577 725 1641 hercle
748 1579 824 1640 uero
848 1576 992 1641 adcubuo
1016 1577 1175 1642 mauelim.

163 1838 205 1890 60.
235 1836 312 1904 quasi
334 1834 387 1888 01)
409 1863 435 1874 -
458 1851 593 1901 puerpera
615 1835 651 1902 Ζ,
683 1851 768 1902 puera
791 1835 872 1887 BCD
894 1834 1118 1903 (quasipropuera
1139 1834 1171 1902 0)
1191 1864 1222 1873 —
1241 1833 1293 1886 Hic
1315 1833 1365 1886 OD

127 1941 131 1947 ·
163 1951 197 1964 ·-
216 1926 359 1993 procurast
378 1920 459 1974 BCD
484 1951 516 1960 -
543 1920 648 1990 quipini
673 1920 711 1973 D.
737 1952 760 1959 —
801 1925 843 1975 61.
874 1922 921 1973 ubi
944 1921 994 1974 CD
1013 1952 1044 1960 -
1063 1921 1156 1974 lauore
1174 1921 1201 1973 B
1220 1951 1250 1960 -
1274 1920 1364 1996 pulcri

163 2009 203 2077 B,
235 2008 343 2076 pulchri
365 2008 424 2060 CD.
442 2041 476 2049 -
513 2009 554 2060 62.
586 2007 669 2058 Hunc
687 2025 793 2058 umerum
811 2007 887 2059 aucis
905 2008 1014 2061 inclusit
1034 2009 1132 2076 Spenp.
1149 2037 1182 2046 -
1203 2009 1279 2062 Adsu
1298 2011 1364 2075 quie·

163 2112 218 2164 que
237 2095 294 2147 BD
312 2101 336 2145 et
353 2094 408 2147 nisi
424 2095 493 2163 quod
509 2110 643 2160 quemque
664 2093 688 2145 0
707 2124 733 2131 —
755 2111 854 2161 equum
873 2100 915 2147 est
933 2096 973 2160 B,
1002 2112 1119 2161 aequum
1137 2099 1179 2147 est
1198 2095 1229 2157 0,
1262 2110 1363 2162 equum

164 2187 206 2235 est
226 2182 255 2234 D
276 2213 302 2222 ·-
326 2187 453 2250 questum
470 2179 528 2248 BC,
548 2184 675 2248 questum
692 2181 722 2232 D
743 2211 773 2221 -
794 2183 924 2235 callidum
943 2199 1002 2232 eain
1021 2181 1107 2249 spatio
1124 2183 1152 2235 0.
1166 2211 1198 2220 -
1224 2185 1265 2235 63,
1287 2182 1363 2249 quid·

164 2288 208 2323 me
230 2271 266 2339 0,
290 2271 356 2337 quid
375 2286 420 2322 me
438 2268 468 2320 D
488 2298 518 2307 -
537 2268 651 2321 futurun
676 2272 717 2320 est
735 2269 775 2337 B,
799 2270 934 2322 Futurum
954 2273 996 2320 eet
1021 2268 1078 2322 01).
1098 2298 1131 2307 -
1168 2272 1210 2322 64.
1240 2269 1364 2321 Relictus

161 2375 199 2412 ue
217 2357 296 2409 abste
317 2357 350 2423 B,
369 2357 481 2409 relictus
500 2357 615 2409 neabste
637 2355 666 2424 0,
683 2355 796 2408 relictus
815 2373 849 2409 ne
868 2357 948 2408 abste
961 2355 990 2407 D
1015 2389 1033 2394 -
1060 2356 1122 2408 uiua
1135 2355 1165 2407 D
1185 2386 1215 2394 -
1235 2355 1289 2408 Vbi
1306 2353 1363 2407 OD.

168 2477 194 2487 -
235 2447 276 2497 65.
308 2444 416 2497 habebo
437 2443 487 2497 01)
511 2475 544 2484 —
570 2443 679 2495 inuenio
698 2446 736 2507 B,
767 2444 906 2496 inueniam
928 2441 978 2495 CD
1003 2472 1034 2482 -
1060 2443 1196 2509 quomodo
1214 2442 1302 2496 Bor).
1335 2471 1360 2482 -

166 2533 208 2584 66.
242 2530 379 2583 discordia
397 2531 478 2583 BCD
499 2561 529 2568 κ
549 2533 616 2598 pari·
636 2528 673 2582 D.
694 2560 723 2568 -
763 2534 804 2584 67.
835 2531 901 2583 Post
918 2531 965 2582 ida
985 2531 1022 2597 B,
1042 2531 1134 2596 postid
1155 2530 1189 2598 Ο,
1208 2533 1271 2597 post
1288 2529 1317 2583 id
1335 2527 1366 2580 D

167 2645 193 2655 -·
217 2620 308 2668 tecum
328 2618 427 2672 Batia:
455 2621 545 2669 totum
563 2620 655 2669 tecum
676 2616 711 2682 0,
728 2620 789 2668 totir
808 2621 899 2669 tecum
918 2617 958 2683 B,
977 2620 1039 2668 totu
1058 2621 1122 2668 teau
1141 2615 1171 2666 D
1191 2646 1220 2655 -
1241 2632 1302 2668 mea
1319 2633 1366 2668 uo·

165 2704 255 2773 luptas
277 2705 306 2771 Z,
326 2721 387 2756 mea
407 2705 535 2756 uoluntas
554 2706 587 2770 B,
605 2703 797 2755 Meauoluntas
814 2703 843 2770 C,
864 2703 927 2756 Mea
944 2704 1072 2756 uoluntas
1086 2703 1116 2754 D
1136 2733 1165 2742 ··
1187 2719 1233 2768 ero
1246 2702 1282 2772 D,
1302 2717 1366 2757 aero

166 2790 225 2843 ΒΟ.
246 2821 276 2829 -
315 2793 356 2845 68.
391 2791 514 2844 Adsiduo
533 2793 572 2858 Β,
592 2790 701 2842 assiduo
724 2789 774 2841 01)
800 2824 817 2831 -
843 2790 1019 2844 immohercle
1041 2792 1063 2842 C
1084 2820 1108 2830 -
1133 2791 1254 2843 accubuo
1273 2791 1367 2844 Maue·

165 2877 215 2930 lim
236 2876 293 2945 OD,
313 2878 419 2932 accubu
438 2894 505 2931 orna
524 2877 608 2929 uelim
628 2878 660 2928 B.
682 2907 714 2914 —

202 3103 245 3155 62.
281 3101 333 3155 Hic
363 3119 457 3155 uersus
489 3118 522 3153 ex
552 3100 627 3153 Asin.
641 3101 661 3170 Ι,
680 3105 704 3166 3,
719 3106 752 3156 34
817 3106 859 3154 66.
896 3100 1001 3154 inuenio
1019 3103 1157 3170 praesenti
1176 3107 1300 3170 tempore
1316 3118 1366 3170 pro

63 3245 65 3248 Α
168 3188 323 3257 adscriptus
342 3206 401 3241 esse
419 3188 544 3254 uidetur,
562 3187 611 3239 ubi
629 3187 697 3240 haec
715 3188 752 3240 ie·
782 3187 875 3242 futuro
895 3207 928 3242 ex
946 3189 1067 3242 dictione
1084 3191 1200 3259 uulgari,
1220 3188 1254 3242 cf.
1269 3188 1317 3241 inf.
1331 3189 1366 3257 ΙΙ,

168 3277 284 3346 guntur:
320 3274 390 3326 Vero
416 3274 489 3326 dieo:
517 3275 644 3325 adseram
664 3291 751 3342 quem·
783 3278 807 3343 6,
823 3280 867 3342 17;
887 3277 945 3328 Cas.
959 3276 1007 3341 ΙΙΙ,
1022 3282 1046 3344 4,
1062 3282 1089 3344 Ι,
1108 3278 1181 3331 Meu.
1195 3278 1215 3345 1,
1231 3281 1253 3339 1,
1267 3280 1300 3330 32
1314 3276 1347 3328 al.

167 3379 215 3431 que
241 3360 373 3413 hominem
391 3365 527 3430 quaestam
547 3378 601 3412 erre
620 3365 753 3429 aequomst

167 3447 302 3503 collidam.
324 3448 395 3501 Vide
408 3447 491 3500 etiam
503 3447 554 3500 inf.
567 3449 599 3516 V,
613 3451 656 3501 40.
679 3447 753 3513 Quae
818 3451 859 3501 67.
891 3453 953 3516 post
973 3449 1014 3510 id,
1041 3449 1280 3517 Trin.11,4,1as;
1305 3448 1367 3500 Aul.

167 3541 258 3591 autem
277 3537 447 3605 praecedunt
464 3537 550 3588 uerba
568 3540 615 3589 aut
627 3539 658 3588 ut
672 3552 753 3603 supra
782 3535 827 3603 IV,
845 3539 883 3601 10,
899 3539 938 3602 19,
959 3535 1001 3587 his
1020 3554 1127 3605 quoque
1146 3537 1215 3590 locis
1235 3536 1270 3587 ab
1288 3535 1367 3588 initio

167 3624 220 3678 feci
245 3643 307 3677 cum
324 3623 448 3678 Acidalio
468 3623 507 3676 sic
524 3623 602 3693 iungi
622 3627 752 3691 possunt:
783 3641 886 3676 uersus.
922 3623 1068 3676 Praeterea
1086 3625 1159 3692 apud
1171 3624 1301 3677 Nostrum
1317 3641 1366 3690 po·

169 3712 308 3779 ‘Quippini
319 3711 372 3764 hoc
384 3710 492 3778 faciam,
512 3728 575 3763 cum
588 3712 647 3763 sine
659 3711 754 3762 labore
782 3714 852 3774 stea,
871 3711 998 3779 posthae,
1016 3716 1079 3779 post
1096 3710 1125 3762 id
1143 3711 1274 3774 locorum,
1292 3715 1366 3777 post·

168 3799 228 3853 fieri
245 3798 365 3867 possit?’
397 3803 445 3852 aut
470 3799 549 3866 pulsa
573 3803 615 3851 est
638 3798 755 3866 pristina
783 3796 850 3860 idea,
868 3797 970 3864 postibi
985 3798 1203 3866 frequentantur.

168 3889 250 3941 lectio
268 3903 337 3954 quae
355 3885 426 3939 hanc
440 3883 497 3938 fere
510 3887 675 3938 sententiam
687 3902 754 3954 prae

169 3992 198 4027 se
216 3973 288 4027 ferre
307 3977 430 4041 poterat:
819 3972 860 4023 68.
896 3969 1014 4023 Luditur
1032 3988 1099 4023 uoce
1124 3968 1251 4032 arisiduo,
1285 3986 1367 4036 quam

226 4060 278 4113 Vbi
305 4064 362 4112 sice
392 4059 480 4110 labore
510 4063 552 4110 -νέε
580 4059 641 4127 peri
661 4061 758 4128 pulcri
783 4057 962 4109 Phronesium
986 4075 1035 4126 pro
1057 4073 1172 4125 semper,
1204 4055 1368 4117 Diniarchus

623 4153 718 4215 potest,
783 4162 833 4212 pro
846 4143 967 4196 adsidens
980 4143 1088 4211 accipit.
1102 4175 1135 4184 -
1155 4142 1280 4206 adtribue,
1302 4143 1367 4197 uide

226 4234 371 4286 Occisione
381 4233 528 4285 ate'ndumst
536 4250 613 4301 opere
621 4235 753 4286 miccino.
783 4231 895 4284 Lachm.
908 4232 943 4283 ad
955 4230 1035 4285 Lucr.
1048 4247 1075 4298 p.
1089 4234 1150 4286 307.
