2956 4852
218 1286 681 1372 s'rnnrornauus
855 1264 1250 1369 ruaorusrvu.

595 1423 939 1506 narremur.

641 1723 892 1821 Stratophanes,

113 1909 181 1978 11‚s.
209 1889 257 1955 Ne
281 1888 480 1973 exspectetis,
504 1888 708 1973 spectatores,
732 1888 818 1953 meas
841 1910 964 1973 pugnas
986 1888 1061 1953 dum
1083 1887 1275 1972 praedicem,

210 1990 357 2055 Manibus
381 1991 489 2055 duella
511 1990 697 2074 praedicare
721 1989 817 2067 sdico,
841 1991 928 2056 haud
950 1992 983 2055 in
1006 1989 1213 2057 sermonibus.

110 2117 114 2132 ·
210 2092 280 2156 Scio
303 2112 360 2174 ego
382 2092 499 2155 multos
521 2090 749 2156 memorauisse
772 2093 890 2157 milites
910 2091 1121 2157 mendacium.

208 2189 267 2258 ‘Ec
289 2194 427 2258 Homero
450 2193 514 2256 inm
539 2193 571 2257 et
593 2200 666 2278 post
688 2193 777 2256 auam
800 2193 893 2256 matri
913 2193 1085 2257 memorari
1106 2193 1199 2276 potis,
1255 2236 1263 2241 „

209 2296 271 2375 Qui
294 2294 326 2360 et
348 2295 486 2359 conuicti
509 2301 542 2358 et
563 2294 769 2359 cdudemnati
792 2294 880 2359 falsis
903 2295 942 2359 de
965 2295 1079 2378 pugnis
1102 2296 1193 2359 sient.

207 2396 280 2463 Non
295 2396 498 2475 laudandust,
515 2397 590 2481 quoi
604 2396 677 2480 plus
692 2396 829 2460 eredunt
844 2397 898 2480 qui
914 2396 1050 2461 audiunt
1066 2417 1161 2480 quam
1174 2395 1229 2479 qui
1245 2394 1366 2460 uident.

235 2652 345 2708 MILES
368 2651 562 2706 MERETRIX
585 2650 750 2707 ANUILLA·
772 2653 811 2721 Β,
842 2652 960 2706 MILES·
980 2651 1181 2707 Metaurum·
1201 2649 1365 2705 ANOILLA·

169 2741 205 2810 0,
235 2738 434 2792 naamitarum
452 2756 568 2790 nocuum
586 2737 694 2808 reliquit
712 2738 773 2810 Da,
805 2739 915 2793 MILES
933 2726 1061 2794 MERET
1081 2737 1365 2794 STRATOPHANES

164 2827 322 2883 ANGILLA
340 2826 402 2879 redd.
418 2826 472 2879 Dc.
497 2855 522 2864 -
564 2830 586 2879 1.
617 2825 659 2879 Ne
678 2826 738 2896 Bu,
759 2844 774 2880 e
793 2844 853 2878 enm
870 2831 940 2895 spat,
960 2825 1017 2880 iaie.
1032 2826 1061 2878 D
1080 2857 1112 2865 -
1133 2826 1284 2895 expectetis
1303 2825 1367 2896 BD,

166 2919 313 2984 expectens
336 2914 359 2966 0
381 2944 405 2952 -
440 2912 579 2982 predicem
597 2914 638 2981 Β,
669 2915 810 2982 predicem
833 2914 867 2982 0,
899 2915 1056 2983 praedicem
1075 2913 1112 2967 D.
1146 2944 1177 2954 -
1221 2917 1245 2966 2.
1277 2913 1369 2967 duella

171 3003 271 3060 Grec:
300 3001 398 3055 duellis
417 3000 501 3055 BOD
520 3032 553 3042 -
572 3001 717 3068 predicare
735 3002 777 3070 Β,
797 3001 968 3070 predicarem
990 3001 1026 3068 0,
1046 3001 1206 3070 praedicari·
1228 3000 1258 3052 D
1277 3031 1309 3041 -
1328 3000 1369 3054 in·

167 3088 337 3143 sermonibus
354 3087 414 3140 01).
435 3118 463 3125 -
504 3091 527 3142 3.
559 3105 681 3141 memora
699 3088 773 3140 insse
792 3088 826 3155 B,
846 3089 1011 3141 memorauis
1032 3105 1088 3141 sem
1105 3088 1134 3154 0,
1154 3087 1318 3142 memornnis
1337 3091 1368 3141 se

167 3176 197 3228 D
216 3206 249 3215 —
268 3175 437 3228 mendatium
458 3174 491 3226 B.
513 3203 546 3211 -
581 3177 606 3227 4.
637 3173 681 3226 Ex
698 3173 818 3228 Homero
836 3174 892 3227 iam
906 3176 1003 3242 Spenp.
1025 3175 1099 3240 (duce
1117 3194 1149 3227 en
1162 3179 1243 3244 porte
1264 3174 1366 3241 stad),-

168 3263 206 3317 Et
225 3263 336 3316 homero
350 3261 412 3312 nida
426 3260 461 3327 B,
480 3260 725 3313 Ethomeronidam
743 3262 772 3330 0,
792 3261 830 3315 Et
847 3261 1025 3315 homerodam
1037 3262 1092 3330 Do,
1112 3264 1150 3316 Et
1162 3263 1369 3317 homeronidam

168 3348 215 3400 Db
235 3379 266 3386 κ
286 3348 365 3400 illum
377 3347 459 3399 multi
473 3348 586 3415 Sparsas
606 3348 712 3400 insilii
733 3349 798 3418 BD,
817 3350 894 3401 iilam
912 3349 955 3403 illi
976 3349 998 3402 C
1016 3382 1049 3392 -
1067 3353 1140 3419 potis
1159 3348 1256 3405 Batia:
1276 3352 1370 3416 potest

168 3433 260 3486 BCD.
278 3462 307 3471 -
333 3435 357 3485 5.
376 3433 524 3486 condenati
545 3434 579 3501 Β,
599 3435 794 3503 condempnati
816 3435 845 3502 0,
865 3437 1033 3505 condepnati
1055 3437 1084 3489 D
1103 3467 1136 3475 -
1154 3436 1253 3506 pugnis
1271 3437 1366 3499 t'am.;

169 3538 275 3590 pugnas
293 3519 378 3572 Bul)
395 3519 536 3572 —sient
556 3519 586 3572 0.
614 3550 648 3559 -
684 3525 708 3576 6.
740 3521 801 3575 Nou
821 3522 962 3575 laudandi]
982 3528 1024 3578 est
1043 3524 1108 3588 BD,
1126 3510 1370 3578 Nonlaudahdum·

169 3611 211 3659 cst
228 3607 250 3659 C
268 3639 301 3648 -
321 3608 363 3660 cni
384 3603 468 3659 BOD
486 3634 518 3644 —
539 3606 645 3674 cuiplns
668 3608 740 3661 Ο-
760 3610 877 3662 crednnt
895 3610 942 3678 qui
961 3612 1077 3665 audiunt
1095 3628 1177 3679 quam
1201 3612 1248 3680 qui
1272 3611 1370 3666 uident

172 3692 266 3750 Aria:
299 3695 389 3748 credit
407 3694 454 3762 qui
472 3694 551 3747 audit
568 3711 651 3762 quam
670 3696 717 3763 qui
732 3695 809 3749 uidet
828 3697 862 3764 Β,
889 3698 978 3751 credit
997 3699 1043 3766 qui
1068 3699 1145 3753 audit
1171 3716 1252 3768 qnam
1276 3698 1369 3766 Quini·

171 3780 220 3834 det
243 3781 270 3847 0,
290 3781 381 3833 credit
398 3781 444 3846 qui
463 3782 541 3835 audit
558 3799 639 3849 qnam
658 3781 710 3849 Qui
727 3782 804 3836 uidet
823 3782 859 3836 D.
880 3813 913 3822 -

207 4028 231 4079 4.
263 4022 349 4094 potis,
379 4022 437 4076 Cas.
456 4023 490 4091 ΙΙ,
511 4027 535 4093 3,
557 4025 588 4077 2:
620 4042 667 4077 nec
684 4023 754 4094 potis
783 4026 807 4079 is
829 4027 908 4080 miles
931 4027 979 4095 qui
1002 4027 1082 4080 fortis
1107 4045 1166 4082 esse
1188 4028 1311 4082 creditur
1334 4029 1369 4083 ab

173 4110 312 4181 qrrrqunam
343 4110 561 4168 commemoraris
599 4112 657 4165 Mil.
677 4112 711 4180 ΙΙ,
730 4116 755 4182 6,
784 4113 818 4166 iis
837 4115 883 4182 qui
902 4113 976 4166 facta
996 4114 1053 4168 aius
1072 4115 1195 4182 audiunt,
1214 4135 1269 4170 non
1288 4117 1323 4170 ab
1337 4118 1370 4170 iis

174 4201 208 4251 70
226 4200 261 4254 ai.
785 4201 832 4268 qui
851 4217 882 4252 ee
902 4201 1005 4269 uident,
1024 4201 1051 4254 h.
1066 4218 1088 4255 e.
1107 4204 1183 4258 cuius
1202 4205 1290 4259 uirtus
1302 4222 1371 4260 nun-

208 4285 234 4338 6.
269 4285 416 4354 Intellego:
449 4283 513 4339 Non
535 4284 690 4340 laudandus
715 4290 758 4340 cst
785 4303 868 4355 qnam
886 4302 1015 4356 praesens
1034 4289 1215 4359 conspicitur:
