2956 4852
119 297 147 379 Ι,
172 301 199 378 1,
221 300 359 363 43-50.
614 319 830 362 rnvcrnnrrrs.

205 483 319 548 Fexim
340 483 493 549 lenonum
513 488 547 549 et
569 471 748 550 scortorum
771 483 919 568 [positae
938 483 1058 569 minas]

205 585 248 650 Et
273 585 380 650 miuus
401 586 627 651 damnosorum
649 586 816 651 hominum
839 607 935 670 quem
957 607 1043 652 nunc
1064 586 1142 653 siunt
1163 587 1257 653 sient.

204 687 288 752 Nam
309 688 396 753 nimo
416 688 568 754 lenonum
589 694 623 753 et
645 687 822 754 scortorum
844 688 918 773 plus
940 688 989 754 est
1010 688 1078 754 fere
1339 689 1374 741 4⁵

206 788 310 867 Quem
332 789 408 854 olim
430 796 654 872 muscarumst
676 790 773 874 quom
796 790 920 855 celetur
941 791 1100 856 mtxnme.

204 889 288 955 Nam
310 891 468 979 nusquam
489 892 567 958 alibi
589 893 617 957 si
639 892 724 973 siunt,
747 892 867 957 circum
889 892 1091 977 argenterias

203 991 350 1057 Lenones
372 1001 540 1077 scortaque
562 994 710 1060 tdsident
732 994 873 1059 cottidie.

204 1093 253 1158 Ea
274 1093 407 1159 nimiast
427 1096 521 1176 ratio,
544 1095 663 1180 quippe
684 1097 740 1180 qui
763 1094 851 1160 certo
873 1095 947 1175 scio,

204 1194 289 1259 Foro
308 1195 381 1280 plus
403 1202 580 1263 scortorum
602 1197 670 1263 esse
697 1198 761 1262 iam
783 1217 880 1281 quem
902 1195 1089 1280 ponderum.

117 1399 162 1453 43.
186 1400 303 1468 posthac
320 1401 410 1453 minus
423 1400 519 1460 Aetas
538 1403 601 1470 plus
613 1405 656 1455 est
667 1401 760 1455 BOD.
780 1431 812 1441 -
843 1403 885 1453 44.
909 1400 999 1454 minos
1011 1401 1039 1453 B
1056 1431 1089 1441 -
1108 1401 1322 1469 dampnosorum

121 1485 183 1555 01),
201 1488 286 1542 denos
303 1488 403 1543 horum
419 1488 453 1545 R
465 1517 499 1526 -
517 1487 583 1541 Post
599 1493 664 1542 sunt
682 1506 781 1541 rasura
799 1488 828 1541 in
844 1487 868 1541 0
885 1518 916 1528 -
936 1489 1009 1540 sient
1027 1487 1145 1557 Spem
1165 1488 1218 1540 siet
1228 1485 1320 1540 1301).

118 1603 153 1615 -
182 1576 226 1627 45.
251 1573 310 1628 iere
326 1576 369 1644 B,
400 1573 472 1626 ferre
493 1574 554 1628 01).
574 1605 608 1614 -—
636 1578 679 1628 46.
698 1575 743 1630 47.
766 1575 816 1628 hoc
835 1574 928 1627 ordine
950 1574 1027 1631 Cam.
1047 1573 1154 1627 inuersa
1171 1573 1263 1628 1301).
1286 1603 1320 1612 -

117 1661 160 1713 46.
186 1667 239 1728 quei
257 1661 301 1731 D,
324 1678 407 1730 quem
430 1660 464 1730 0,
489 1661 546 1728 Qui
563 1681 615 1716 nus
633 1663 661 1715 B
678 1691 713 1736 ,-
729 1679 887 1716 muscerum
906 1664 948 1714 est
965 1661 1007 1730 B,
1024 1661 1183 1715 Muccurum
1202 1665 1245 1714 est
1268 1659 1321 1714 01)

117 1774 152 1785 —-
171 1764 235 1802 eum
246 1748 331 1802 BOD
351 1778 382 1789 -
401 1749 624 1802 meximeBCD.
637 1782 671 1792 -
695 1751 740 1804 48.
764 1751 876 1804 lenones
894 1751 1039 1817 scortaque
1056 1749 1185 1803 adsident
1204 1749 1318 1818 Sparsas

116 1832 208 1888 Scorti
226 1835 337 1890 lenones
354 1837 433 1904 quasi
450 1837 548 1891 sedent
560 1836 652 1905 BCD,
671 1835 727 1889 arsi
742 1837 812 1907 qaod
828 1835 912 1902 Quasi
926 1834 979 1888 01)
997 1839 1022 1886 et
1039 1836 1135 1890 sedens
1152 1835 1192 1890 Ca
1212 1865 1245 1876 -
1263 1838 1321 1889 cot·

116 1921 185 1975 tidie
197 1922 233 1991 B,
253 1922 357 1979 cotidie
372 1923 433 1978 01).
453 1953 487 1964 -
518 1927 560 1976 49.
586 1941 619 1978 ee
635 1925 721 1977 nimia
738 1927 781 1977 est
796 1923 856 1993 01),
874 1922 1001 1977 Fenimie
1020 1927 1062 1976 est
1072 1924 1108 1978 B.
1121 1954 1156 1966 -
1186 1925 1228 1976 50.
1247 1922 1320 1977 Foro

116 2007 235 2077 spone„-
253 2007 305 2062 Eri
323 2011 368 2063 uel
385 2012 425 2064 eri
442 2010 527 2064 1301)
548 2044 576 2056 -
597 2012 651 2065 iam
671 2013 702 2082 Z,
722 2029 781 2064 eam
800 2009 891 2064 BCD.
912 2041 946 2052 -

114 2179 287 2234 contrarium
305 2182 342 2234 sit
360 2183 521 2252 anteportis,
540 2184 566 2237 ei
577 2187 643 2237 sunt
655 2183 703 2252 qui
730 2183 800 2236 tium
822 2184 910 2244 Quam
928 2185 957 2235 et
972 2181 1048 2235 Nam
1073 2181 1150 2234 cuius
1172 2181 1213 2235 rei
1235 2181 1320 2234 uesti-

113 2270 213 2336 postea
224 2268 298 2322 bone
309 2272 405 2322 nostra
416 2271 573 2338 possident:
593 2273 617 2323 si
628 2270 704 2340 frugi
731 2270 807 2338 gium
829 2271 934 2322 mansit
957 2269 986 2321 in
1011 2269 1051 2337 B,
1082 2270 1128 2336 qui
1157 2269 1244 2330 Quam
1268 2285 1318 2320 nus

115 2371 224 2424 sumus,
251 2355 367 2410 heredes
385 2361 413 2410 et
433 2359 537 2425 posteri
554 2359 655 2425 nostri,
679 2358 704 2410 si
731 2357 758 2410 h.
772 2373 795 2410 e.
818 2358 906 2417 Quam
925 2373 1055 2425 nusquam
1075 2354 1167 2408 hebet.
1202 2354 1318 2422 Iteper·

114 2441 192 2496 bone
217 2459 280 2496 cum
303 2445 495 2498 meretricibus
515 2450 543 2498 et
559 2446 704 2499 lenonibus
731 2461 826 2497 uersus
844 2445 912 2497 ordo
929 2460 1059 2496 uersuum
1077 2445 1228 2496 natusest.

114 2529 302 2597 dissipemus,
338 2533 497 2586 meretrices
527 2537 555 2586 et
584 2533 704 2586 lenones.
767 2531 810 2584 47.
845 2530 908 2583 Etsi
932 2531 999 2583 aaa
1023 2530 1096 2584 Men.
1116 2529 1149 2598 V,
1175 2518 1200 2597 2,
1224 2531 1259 2582 42
1290 2533 1318 2584 et

114 2615 193 2669 Idem
206 2617 293 2686 igitur
306 2619 376 2672 dicit
388 2623 471 2687 atque
482 2620 617 2688 Lysiteles
629 2620 704 2673 Trin.
732 2619 810 2672 Curc.
823 2618 876 2686 ΠΙ,
889 2618 923 2671 47
941 2619 1057 2686 legitur,
1075 2621 1167 2670 temen
1184 2616 1237 2671 hoc
1256 2618 1318 2672 loco

114 2703 164 2772 111,
183 2705 208 2772 2,
229 2703 261 2756 17
269 2723 277 2756 :
295 2709 325 2757 at
341 2705 441 2758 uirtute
459 2724 550 2759 eorem
563 2711 704 2775 anteparta
733 2706 846 2758 heuscio
864 2722 900 2757 an
919 2705 1021 2758 rectius
1032 2705 1187 2757 traieceris:
1205 2703 1280 2757 Nam
1292 2704 1319 2757 si

110 2806 163 2858 per
172 2789 317 2862 flaqs'ts'am
332 2793 468 2862 perderes.
733 2791 802 2844 atses·
818 2809 949 2861 nusquam
965 2793 1035 2845 caat.
1070 2792 1149 2845 Certe
1166 2792 1239 2846 idem
1257 2809 1318 2845 uer-

149 2877 195 2928 4³.
231 2878 356 2947 Apparet
377 2880 485 2933 librarii
509 2881 602 2933 oculos
621 2897 705 2948 quum
733 2880 831 2933 borum
855 2879 922 2932 ordo
945 2882 988 2931 est
1004 2880 1081 2932 Asin.
1101 2880 1133 2948 V,
1152 2882 1177 2948 2,
1196 2881 1244 2932 83:
1259 2879 1321 2948 pot

114 2962 251 3017 scriberet
268 2981 393 3018 uersum:
733 2965 759 3018 si
776 2963 855 3018 atiud
870 2964 942 3017 attuit
956 2964 1001 3020 eit.
1022 2994 1055 3008 «-
1085 2965 1194 3019 Circum
1210 2982 1320 3019 menses

169 3049 269 3103 Fexim
287 3051 409 3104 baasam
428 3058 452 3104 et
470 3058 618 3106 scortorum
642 3059 712 3123 post
733 3053 904 3122 argenterias
922 3053 1035 3105 lenones
1058 3057 1086 3105 et
1103 3057 1196 3106 scorto
1215 3053 1320 3120 sedent,

443 3140 496 3194 hac
513 3143 603 3194 minus
733 3144 765 3193 ut
782 3141 895 3193 iuuenes
912 3140 949 3194 ed
966 3140 1097 3197 domuum
1113 3140 1265 3210 pellicient.

114 3225 259 3278 aberrasse
276 3226 314 3279 ud
331 3243 454 3280 uersum:
768 3229 812 3282 48.
847 3226 926 3297 quari
954 3227 1043 3279 eederet
1071 3227 1146 3281 houd
1176 3227 1259 3281 dubie
1285 3243 1319 3280 ex

168 3311 242 3366 Nem
264 3330 337 3367 nunc
363 3313 485 3366 kanaam
508 3317 532 3365 et
555 3318 704 3366 scortorum
733 3331 782 3383 que
811 3314 929 3366 assident
956 3318 1048 3367 ortum
1075 3318 1125 3368 est.
1172 3308 1319 3368 P'reeterea

444 3402 506 3470 plns
524 3400 641 3453 estsere
732 3402 880 3455 uerborum
903 3401 970 3454 ordo
993 3401 1181 3455 immutandus
1206 3407 1265 3455 eret
1290 3404 1319 3453 et

114 3485 189 3538 unde
213 3485 279 3553 plue
308 3491 347 3538 est
380 3489 410 3540 in
444 3489 564 3557 priorem
592 3504 704 3541 uersum
733 3489 895 3558 cogentibus
913 3489 1034 3541 numeris
1058 3491 1086 3540 et
1108 3490 1145 3542 ad
1163 3490 1319 3542 similitudi-

114 3571 227 3624 trensiit
245 3577 272 3626 et
290 3576 409 3642 genuina
428 3577 514 3628 uerba
532 3579 701 3630 remouit-
731 3593 794 3630 nem
813 3592 943 3628 uersuum
961 3577 996 3626 43
1015 3580 1043 3627 et
1060 3579 1109 3642 45,
1128 3591 1182 3642 quo
1201 3579 1319 3642 utroque

114 3658 285 3712 Doeccentn
298 3662 446 3713 scortorum
460 3663 556 3716 confer
568 3664 703 3717 RitProI.
733 3664 837 3715 teaoaes
855 3663 956 3731 priore,
978 3666 1068 3714 scorta
1086 3663 1239 3730 posteriore
1257 3662 1318 3715 looo

114 3763 141 3814 p.
155 3748 218 3800 214.
248 3748 311 3800 Aul.
329 3749 363 3815 ΙΙ,
383 3751 408 3817 8,
427 3753 458 3815 5;
491 3750 569 3805 Cure.
588 3752 636 3820 111,
658 3755 702 3819 103
730 3753 926 3804 memorentur.

113 3834 216 3904 Amph.
235 3836 305 3902 prol.
324 3838 371 3903 423
393 3839 443 3888 100
461 3838 496 3890 al.
766 3842 810 3892 49.
846 3855 876 3890 ea
895 3837 1006 3891 nimiast
1024 3836 1110 3900 ratio,
1141 3837 1165 3889 is
1189 3853 1319 3889 numerus

150 3925 195 3975 46.
232 3921 305 3987 otta,
325 3924 388 3976 vide
406 3924 481 3977 Brix.
501 3925 535 3978 ed
553 3926 629 3978 Trin.
642 3928 702 3989 523.
731 3927 832 3979 nimius
850 3925 876 3977 h.
892 3942 914 3978 e.
933 3925 1030 3994 ingens
1049 3928 1099 3993 est,
1118 3923 1181 3978 vide
1200 3923 1263 3977 Lor.
1281 3923 1318 3977 ad

116 4039 147 4050 -
166 4010 272 4063 caletur
289 4009 366 4078 Copt.
385 4012 406 4079 1,
426 4013 449 4079 1,
471 4015 516 4065 12:
534 4012 702 4082 quostquam
730 4014 813 4067 Most.
830 4031 857 4068 u.
876 4011 937 4065 287.

115 4098 235 4160 estem
264 4098 350 4152 Prisc.
367 4099 441 4166 VIII,
461 4100 495 4150 26
512 4116 539 4167 p.
551 4102 602 4153 393
615 4100 649 4154 H.
668 4131 702 4142 -
767 4103 810 4153 50.
840 4101 918 4168 foro.
942 4099 1034 4152 Possrs
1047 4096 1228 4162 etiemhods'e‚
1248 4113 1318 4166 quse

47 4245 50 4253 ¹
113 4183 175 4238 Hoc
192 4200 302 4252 quoque
319 4185 381 4239 Ioco
398 4186 527 4239 librarius
546 4203 656 4240 auersu
669 4191 703 4239 46
731 4204 786 4239 uox
803 4187 838 4253 II,
856 4188 881 4253 6,
901 4189 935 4239 28
953 4186 1072 4238 similem
1090 4186 1318 4253 depreuctioucm

112 4272 154 4326 ssi·
167 4289 196 4327 n.
208 4272 244 4332 st
263 4273 405 4326 aberrauit
420 4277 535 4343 propter
552 4275 641 4328 simile
652 4275 704 4328 ini-
732 4292 776 4327 ere
792 4289 874 4343 pesse
892 4277 942 4326 ost.
963 4303 995 4312 -
1014 4275 1116 4329 Versus
1134 4275 1169 4326 49
1186 4277 1215 4325 et
1231 4275 1266 4324 50
1283 4288 1318 4326 ne
