2956 4852
112 259 140 340 1,
165 260 330 340 ιιι-ιο.
602 280 817 323 mumma.
891 309 894 314 .

198 443 314 511 Peredt
334 448 475 528 quotque
496 444 647 510 exoretur
668 443 860 512 exordbulis.

199 547 286 627 Quot
305 544 374 611 illic
394 545 571 612 blanditiae
593 545 672 630 quit
694 546 761 613 illic
780 547 968 615 iracundiae

138 720 141 725 ,
198 647 281 715 Sunt
301 646 381 730 qudt
400 647 536 732 superba
547 649 658 734 ficta,
682 648 716 714 di
738 649 880 716 ananim
903 650 1013 717 fidem!
1038 689 1080 701 —
1100 651 1167 731 hui,

199 749 283 831 Quid
303 749 561 835 perierandumst
582 748 683 815 etiam
703 756 834 835 praeter
854 752 1005 819 minorat

199 851 419 919 Primdmdum
440 872 560 918 merces
581 851 705 918 dnnua:
735 854 765 919 is
783 854 907 938 primis
927 855 1044 922 bolust.
1332 853 1367 907 ¹⁰

114 1027 138 1078 d.
169 1024 295 1092 Quotquc
316 1022 383 1093 OD,
414 1040 522 1093 qnoque
540 1022 568 1074 Β
586 1052 620 1062 -
639 1026 768 1077 exoretur
787 1025 822 1093 Z,
853 1024 977 1079 exoritur
994 1025 1066 1096 BD,
1097 1027 1219 1081 exoriter
1241 1042 1313 1079 corr.

115 1129 147 1166 eo
170 1111 295 1165 exoritur
321 1109 345 1163 0
368 1139 403 1150 -
427 1109 591 1164 exorabulis·
618 1110 649 1164 0.
672 1139 707 1149 -
755 1110 779 1164 7.
816 1114 884 1180 quot
911 1111 964 1165 OD
991 1116 1102 1183 utroque
1130 1112 1206 1177 loro,
1244 1112 1318 1181 quod

114 1200 143 1252 Β
160 1203 270 1268 utroque
288 1197 351 1252 loco.
370 1197 575 1251 -blanditiae
593 1199 628 1266 Z,
652 1197 795 1252 blanditer
811 1198 883 1268 BD,
907 1198 1056 1253 blanditer·
1079 1198 1109 1253 0.
1127 1228 1161 1238 -
1197 1201 1222 1252 8.
1249 1204 1317 1269 quot

119 1284 180 1353 01),
197 1285 272 1354 qnod
289 1284 317 1336 Β
335 1313 369 1324 -
388 1284 510 1354 superba
526 1283 603 1339 facta
619 1284 734 1354 Spcnq.;
756 1285 799 1339 sui
816 1286 1013 1355 perclemanda
1025 1283 1117 1340 BOD.
1135 1317 1169 1328 -
1205 1289 1230 1338 9.
1256 1303 1317 1357 ρει·
1352 1353 1357 1360 ι

113 1372 259 1428 ierandum
276 1374 320 1425 est
330 1370 396 1440 BD,
414 1388 465 1442 ρει·
481 1371 625 1426 ierandum
641 1372 723 1426 estG
739 1402 774 1412 —
791 1377 886 1442 preter
897 1374 933 1443 Β,
950 1376 1049 1457 preter
1063 1372 1092 1426 0·
1107 1403 1141 1413 -
1179 1373 1219 1426 10.
1246 1364 1317 1429 mer·

114 1477 160 1515 ces
181 1461 282 1522 Gron.;
302 1459 386 1512 miros
403 1460 439 1527 B,
458 1458 544 1514 miror
560 1459 613 1513 ΟΒ
633 1487 661 1500 -·
685 1477 776 1514 annue
793 1460 817 1514 is
835 1460 871 1530 B,
890 1477 997 1515 annuus
1014 1460 1066 1515 OD
1083 1489 1118 1503 -
1134 1461 1240 1531 primus
1255 1461 1316 1531 ΟΒ,

113 1547 219 1618 primos
237 1547 264 1599 B
281 1575 315 1586 —
332 1545 427 1600 bolnst
445 1547 476 1613 Z,
495 1546 604 1601 ebolust
621 1546 713 1603 1301).
732 1576 764 1586 -

150 1703 175 1756 8.
209 1700 273 1756 Νοιι
292 1700 401 1769 dubite,
434 1700 501 1769 quin
519 1700 615 1754 multia
632 1701 699 1754 arri·
727 1702 883 1758 Verborum
913 1702 1039 1757 ordinem
1070 1702 1154 1756 Sunt.
1170 1705 1233 1773 quot
1261 1720 1316 1758 non

114 1790 180 1846 deat
197 1792 261 1860 quot
277 1792 339 1840 aunt
350 1787 458 1858 periclo
477 1788 594 1853 ἀαιηηα,
627 1788 701 1857 quod
729 1808 797 1860 opus
814 1790 926 1844 uidetur
942 1795 976 1844 ut
992 1790 1188 1859 relinquemus.
1219 1788 1318 1845 Confer

112 1877 189 1933 Brix.
208 1876 245 1931 ad
266 1875 342 1929 Trin.
360 1876 411 1927 302
437 1874 563 1931 coniecit.
605 1875 701 1945 Neque
730 1877 814 1930 etiam
832 1895 859 1931 u.
872 1879 944 1932 6.-
963 1876 1156 1932 Proximornm
1170 1878 1318 1933 uerborum

113 1982 180 2020 nero
203 1962 359 2020 accuratius
381 1979 517 2032 perpenso
539 1963 601 2017 loco
623 1962 703 2016 satis·
731 1964 939 2019 distinctionem
956 1964 1072 2018 mutani.
1092 1963 1123 2016 di
1138 1969 1259 2017 costam
1275 1967 1316 2036 fi·

113 2049 205 2106 facere
227 2053 327 2120 potest.
362 2049 401 2104 Ut
425 2049 498 2102 enim
520 2066 616 2104 uersus
639 2051 703 2103 det
730 2051 788 2104 dem
814 2053 901 2121 priori
924 2052 1079 2106 sententiae
1107 2051 1238 2120 adiunxi,
1269 2050 1320 2104 dui

114 2140 131 2191 6
149 2139 186 2193 ed
205 2138 293 2192 solam
303 2153 362 2190 rem
374 2135 540 2191 familiarem
551 2136 701 2206 pertinent,
729 2139 884 2207 posteriori,
903 2140 978 2208 quod
989 2139 1044 2193 nisi
1056 2141 1137 2207 esset,
1153 2156 1208 2192 non
1226 2137 1317 2191 minus

114 2241 197 2295 quarn
214 2227 322 2278 amator
338 2223 445 2293 perdit,
468 2228 497 2277 ct
512 2228 575 2294 quot
591 2227 636 2277 ter
653 2241 702 2293 po·
729 2226 828 2294 opinor
854 2224 904 2278 tua
928 2227 1038 2280 abesset
1065 2242 1147 2295 quam
1174 2225 1254 2278 abest
1280 2225 1316 2279 ab

113 2313 197 2367 sitnm
215 2315 271 2380 est,
294 2311 336 2365 ita
352 2312 406 2366 hoc
423 2328 531 2380 quoque
547 2311 609 2366 loco
626 2315 701 2381 quoa
729 2313 803 2367 Trin.
823 2313 857 2381 Π,
876 2316 902 2378 4,
924 2314 987 2382 190;
1005 2315 1051 2382 IV,
1064 2316 1089 2383 3,
1104 2315 1152 2374 63:
1172 2311 1253 2366 Poen.
1268 2313 1315 2380 IV,

114 2403 251 2472 quotquot
267 2399 325 2454 tria
341 2398 483 2454 continere
500 2402 623 2468 oportet,
642 2399 702 2467 qni·
730 2401 755 2466 2,
774 2401 804 2466 83
825 2399 875 2464 783
893 2400 967 2454 Men.
986 2401 1019 2467 V,
1038 2401 1064 2469 3,
1085 2401 1107 2451 1.
1136 2397 1186 2451 lui
1201 2400 1237 2454 ad
1254 2416 1317 2468 pro·
1345 2465 1350 2473 ι

114 2488 165 2543 bns
194 2487 329 2554 meretrix
356 2503 416 2541 rem
434 2485 578 2552 ¹amatoris
613 2489 700 2554 petat.
728 2488 833 2541 ximum
864 2504 975 2541 uersum
1005 2491 1115 2557 spectat
1143 2489 1176 2541 nt
1202 2486 1273 2542 Rud.
1294 2486 1315 2554 I,

114 2574 238 2630 Primum
255 2577 299 2627 est
315 2579 377 2643 qrrot
396 2572 554 2636 blanditiae,
582 2573 701 2627 alterum
729 2576 754 2642 2,
772 2576 821 2626 65*Ι

114 2666 176 2733 qseol
198 2660 369 2724 iracundiae,
401 2661 515 2715 tertium
532 2664 646 2730 quot-
665 2677 701 2714 an
783 2661 821 2713 At
838 2661 931 2715 hercle
954 2662 1035 2716 nobis
1057 2660 1174 2715 uillain
1196 2664 1272 2714 terra
1289 2664 1318 2714 et

111 2747 236 2819 periculo
271 2751 297 2800 et
330 2747 451 2802 domm
494 2747 618 2802 Minime.
657 2748 702 2803 Ad
1004 2749 1123 2818 tegulae.
1141 2747 1174 2800 D.
1193 2745 1264 2809 Hui,

115 2840 267 2891 amatorem
295 2835 369 2889 enim
397 2835 522 2904 pericula
550 2839 579 2888 et
602 2835 703 2888 damna
781 2834 948 2889 Homuncnli
966 2834 1063 2903 quanti
1080 2835 1160 2888 cstisl
1187 2833 1269 2889 eiecti
1285 2838 1318 2888 nt

115 2923 259 2994 pertinent
274 2922 572 2978 nonadmeretricem.
607 2922 703 2991 Neque
1005 2923 1118 2975 natant!

115 3012 207 3082 placet
235 3009 420 3079 periculorum
448 3011 616 3066 mentionem
643 3008 705 3065 fieri
737 3037 761 3048 —
779 3005 939 3060 diaoetram
950 3008 1039 3078 fidem
1056 3025 1112 3063 non
1124 3008 1249 3078 rogantis
1261 3024 1320 3062 esse

116 3116 170 3154 nen
195 3098 285 3152 solum
312 3098 387 3166 quod
411 3116 461 3167 per
485 3101 574 3152 totam
593 3115 704 3152 scenam
733 3095 782 3150 sed
813 3112 922 3164 semper
950 3095 1122 3150 ‘admirantis
1157 3097 1320 3152 adnerbium

117 3187 150 3242 de
166 3186 227 3240 sola
242 3185 284 3240 rei
306 3184 452 3240 familiaris
469 3186 578 3240 iactura
594 3184 703 3238 Diniar-
732 3201 796 3238 cum
832 3183 1040 3238 exclamatione’
1076 3187 1153 3239 recte
1188 3185 1320 3239 obseruat

117 3273 183 3328 chus
199 3272 330 3342 loquitur,
349 3273 404 3327 alia
422 3274 523 3327 damna
540 3273 618 3326 nulla
630 3290 703 3327 com·
730 3272 831 3326 Donat.
849 3272 886 3327 ad
903 3272 965 3326 Ter.
981 3272 1068 3326 Andr.
1086 3273 1133 3342 IV,
1151 3273 1177 3341 3,
1198 3276 1221 3326 l.

117 3364 264 3429 memoret,
288 3361 337 3416 sed
355 3360 439 3414 etiam
457 3360 532 3429 quod
550 3377 584 3413 ex
601 3360 701 3414 Roma·
766 3362 790 3412 9.
826 3359 974 3429 Distingue
991 3376 1103 3411 munera
1124 3377 1195 3429 quae
1213 3362 1320 3413 amator

117 3465 214 3504 nerum
239 3451 269 3502 et
292 3447 459 3504 Graecorum
481 3465 558 3503 more
578 3448 704 3517 pericula
733 3446 810 3500 dedit
834 3448 869 3500 ab
894 3446 933 3500 ais
957 3446 1036 3500 donis
1055 3462 1126 3513 quae
1143 3464 1172 3500 se
1190 3446 1319 3500 daturum

117 3552 170 3591 non
192 3535 364 3605 putabantur
386 3535 534 3590 coniuncta
558 3521 617 3589 esse
639 3553 702 3590 cum
731 3551 790 3588 esse
804 3533 960 3602 pollicetur.
986 3531 1058 3585 Nam
1070 3532 1319 3600 postonamamica

116 3638 208 3679 mere
220 3620 379 3677 meretriceo.
398 3621 487 3690 Quare
499 3623 613 3691 superea
619 3625 701 3692 farta
730 3637 844 3674 munera
862 3620 979 3689 accepit,
998 3622 1129 3673 contenta
1146 3624 1256 3675 nonest
1270 3621 1319 3676 sed

117 3710 223 3779 scripsi,
241 3713 273 3763 nt
290 3709 419 3778 gmdatic
437 3709 474 3763 sit
491 3709 623 3775 thadim,
645 3709 700 3763 ira·
730 3708 861 3764 continuo
886 3708 941 3761 alia
963 3707 1054 3776 poscit
1081 3724 1167 3778 eaque
1190 3711 1269 3762 tanta
1285 3712 1318 3763 nt

115 3795 168 3860 sci,
200 3795 348 3866 superbire.
390 3797 513 3867 Superbe
543 3797 616 3850 enim
645 3798 705 3867 agit
730 3797 781 3863 illi,
800 3813 884 3864 quum
903 3796 1072 3850 sedatorum
1086 3796 1237 3864 esseinret,
1256 3812 1317 3865 per·

115 3901 179 3939 cnm
195 3887 326 3953 amatore,
344 3901 398 3952 qno
415 3885 496 3954 plura
512 3901 628 3938 munera
647 3885 702 3955 det,
730 3884 832 3939 iurium
851 3884 999 3938 dicendum
1016 3884 1062 3953 sit,
1079 3884 1181 3954 quippe
1198 3884 1245 3953 qui
1256 3887 1317 3938 tan·

115 3971 193 4027 enias
215 3972 258 4026 rei
280 3971 340 4041 ipsa
364 3971 460 4026 fabnla
477 3972 557 4026 testis
574 3976 624 4026 est.
659 3973 703 4026 Ita
731 3975 761 4025 ta
778 3973 851 4025 dona
868 3989 898 4025 re
915 3988 982 4026 uera
998 3989 1088 4041 neque
1106 3972 1175 4026 uelit
1192 3971 1258 4025 dare
1269 3988 1316 4026 ne·

115 4059 200 4115 eninm
218 4059 239 4126 Ι,
259 4061 283 4129 2,
302 4059 337 4114 la
352 4059 415 4113 Din.
429 4061 607 4115 meretricum
619 4060 701 4128 sarta
729 4076 783 4128 que
799 4059 894 4128 possit.

114 4145 145 4200 in
168 4145 235 4200 felle
259 4146 314 4201 sita
336 4164 395 4201 esse
421 4147 491 4202 dicit
519 4151 548 4202 et
574 4147 701 4216 superbiis
766 4149 807 4199 10.
843 4163 943 4200 merces
972 4163 1085 4211 annisa,
1116 4143 1217 4199 Bacch.
1246 4145 1317 4217 frag.

113 4233 293 4291 merenicnm
321 4235 388 4292 cist.
410 4235 437 4305 1,
463 4239 491 4305 1,
516 4237 550 4289 42
579 4239 701 4291 notatur·
730 4234 936 4306 (Non.p.³34):
954 4232 1088 4304 ocnpnes
1106 4232 1252 4287 mercem
1269 4249 1316 4287 an·
