2956 4852
115 332 153 413 V,
176 330 313 396 48-254.
607 351 822 392 mvcwmuuus.
1255 331 1313 393 131

234 516 284 582 Da
306 522 343 581 tu
364 515 443 580 mihi
465 516 504 580 de
526 515 591 580 tuis
612 514 742 596 deliciis,
765 515 917 600 quicquid
941 515 1020 600 [cell
1043 514 1257 598 pausillulum.

115 620 190 685 Phr.
215 619 298 698 Quid
313 619 346 683 id
361 618 507 683 amabost
522 616 608 701 qued
623 617 709 681 dem:
734 617 813 683 dice.

666 718 763 784 Strat.
793 719 950 803 Quicquid
963 718 1020 782 ribi
1034 720 1171 801 superdr,
1186 718 1313 801 fuam.

116 806 190 871 Phr.
218 808 303 889 Odpc
319 802 375 868 ubi
388 802 519 868 linceis
534 802 669 868 edurum.

487 906 592 970 Strab.
615 906 682 970 Abi
696 914 740 981 tu,
765 904 912 969 cdnsulta
927 905 1032 968 auimo
1048 904 1130 968 istuc
1144 903 1190 967 mi
1203 904 1313 970 homo:
1333 915 1367 968 50

216 1008 302 1075 Cdue
324 1008 406 1072 faxit
428 1009 543 1073 uolnus
566 1009 625 1073 tibi
646 1009 722 1088 iam,
744 1008 820 1091 quoi
843 1012 918 1071 sunt
941 1007 1045 1070 dentis
1068 1005 1172 1070 ferrei.

115 1115 213 1180 Strat.
237 1111 337 1194 lego
360 1111 402 1175 ad
425 1132 458 1174 se
481 1111 583 1175 omnis
605 1110 806 1175 intromittit:
829 1108 954 1173 abstine
976 1109 1058 1173 istac
1078 1109 1114 1172 tu
1138 1129 1278 1172 manum.

115 1216 220 1282 Strab.
245 1215 314 1278 lam
336 1211 441 1277 hercle
465 1234 534 1275 curu
557 1211 673 1295 magud
698 1211 807 1296 [malo]
830 1217 866 1275 tu
888 1211 1022 1295 uspulai,
1044 1212 1094 1275 uir
1116 1210 1272 1276 strenuos.

115 1319 214 1384 Strat.
245 1316 327 1380 Dedi
342 1336 400 1398 ego
416 1314 490 1378 huic
505 1335 628 1378 aurum.

435 1416 539 1481 Strab.
562 1411 615 1479 'At
630 1437 688 1498 ego
704 1421 882 1499 argentum.

695 1519 792 1582 Strat.
815 1512 862 1581 'At
877 1538 930 1598 epo
940 1516 1065 1599 pallam
1081 1525 1110 1579 et
1120 1519 1312 1599 purpuram.

115 1708 157 1759 48.
189 1706 230 1758 Da
248 1709 279 1758 tu
299 1707 336 1773 Z,
356 1706 417 1758 Dan
435 1710 466 1759 tu
485 1707 524 1774 B,
544 1707 632 1760 dantu
654 1706 683 1775 0,
702 1706 756 1759 dan
774 1709 805 1758 tu
824 1704 854 1755 D
876 1735 906 1744 -
927 1704 1033 1759 deliciis
1054 1705 1084 1772 Z,
1104 1705 1212 1758 delictis
1231 1705 1316 1759 BOD

114 1793 296 1858 (delictissum
318 1793 348 1858 C)
369 1824 400 1832 —
421 1795 554 1862 quicquid
571 1798 613 1847 est
635 1796 739 1861 Gepp..·
765 1798 798 1845 su
816 1791 947 1860 quicquid
965 1793 1006 1859 B,
1026 1809 1085 1844 sum
1104 1792 1241 1861 Quicquid
1263 1792 1315 1846 OD

116 1910 148 1918 —-
168 1880 329 1948 pusillulum
347 1883 387 1949 Β,
404 1880 584 1949 pausillulum
607 1884 640 1949 C,
665 1881 846 1949 pauxillulum
865 1880 903 1931 D.
935 1910 968 1918 -
1004 1882 1047 1933 49.
1080 1879 1152 1946 Quid
1169 1881 1198 1934 id
1217 1880 1315 1935 amabo

114 1972 156 2021 est
176 1969 250 2036 quod
269 1968 331 2021 dem
348 1967 433 2026 Par.;
466 1968 538 2034 Quid
555 1970 594 2022 ita
612 1968 693 2022 alabo
713 1971 754 2020 est
772 1968 847 2035 quod
865 1967 911 2021 ide
930 1967 970 2033 B,
1001 1966 1068 2034 quid
1090 1967 1130 2018 ita
1149 1965 1183 2018 ab
1203 1983 1255 2020 auo
1274 1972 1316 2020 est

114 2055 188 2122 quod
205 2055 280 2108 idem
304 2055 355 2108 CD
373 2054 428 2107 uisi
444 2056 514 2124 quod
537 2056 625 2110 abauo
644 2057 674 2108 D
707 2086 738 2094 -
772 2054 833 2109 dice
856 2053 988 2122 quicquid
1015 2054 1068 2107 tibi
1093 2057 1204 2122 superat
1227 2053 1316 2108 feram

116 2144 228 2212 Spem:
262 2144 367 2197 dietum
386 2159 467 2212 super
484 2143 537 2196 feri
554 2144 594 2212 B,
625 2144 738 2197 Dictum
762 2159 844 2211 super
861 2141 916 2193 fert
937 2140 997 2194 OD.
1034 2171 1060 2179 -
1101 2143 1142 2194 50.
1174 2141 1246 2210 Cape
1263 2142 1317 2196 tibi

114 2229 178 2282 hinc
196 2230 232 2282 sis
252 2231 359 2282 sauium
377 2229 471 2282 abitu
492 2230 608 2298 Spmp:
640 2229 726 2298 Gapas
746 2230 814 2283 dicit
832 2229 913 2282 auaui
931 2230 971 2298 B,
1002 2245 1112 2296 campas
1131 2228 1200 2283 dicit
1218 2231 1253 2282 ab
1271 2229 1316 2284 aui

117 2318 167 2370 CD
188 2349 215 2356 -
241 2318 366 2370 consulta
389 2317 479 2369 animo
501 2317 612 2385 Spuma
645 2318 768 2370 consultu
788 2317 827 2383 Β,
857 2316 1011 2368 consultam
1032 2315 1086 2368 OD
1111 2345 1134 2354 -
1166 2316 1205 2368 mi
1224 2317 1313 2374 Suet:

113 2405 181 2458 mihi
200 2405 235 2473 B,
254 2404 324 2458 Mihi
348 2403 408 2457 01).
427 2433 461 2441 -
499 2406 541 2456 51.
572 2402 642 2456 laxit
661 2404 775 2460 sama:
801 2404 873 2456 faxis
891 2403 976 2455 BOD
995 2433 1028 2441 -
1046 2421 1142 2456 uomus
1159 2407 1198 2473 Β,
1217 2404 1316 2458 vulnus

117 2493 147 2561 0,
165 2493 265 2545 uulnus
284 2493 314 2543 D
336 2522 364 2530 -
385 2491 430 2546 cui
448 2491 530 2544 BCD
550 2522 578 2530 ·-
601 2491 692 2545 dentis
712 2492 746 2558 B,
766 2491 862 2543 dentes
878 2491 938 2543 01).
961 2521 987 2530 -
1028 2493 1070 2544 52.
1093 2489 1181 2558 Volgo
1193 2491 1228 2559 B,
1250 2492 1316 2547 Vul-

113 2598 148 2649 go
171 2580 227 2632 OD.
249 2610 276 2618 —
316 2581 358 2632 53.
389 2579 478 2632 helele
496 2578 525 2629 I)
546 2609 574 2617 -
596 2568 777 2647 cum'magiuo
796 2578 869 2631 malo
887 2578 985 2636 Bou.,·
1006 2578 1061 2631 iam
1073 2577 1315 2646 magnoBCD-

113 2671 158 2720 tut
177 2668 203 2718 B
223 2695 254 2704 —
276 2670 403 2720 strenuus
425 2668 484 2736 OD,
504 2666 623 2721 strenuis
640 2666 675 2716 B.
697 2695 729 2704 -—
767 2668 808 2718 54.
839 2681 936 2718 aurum
957 2668 990 2734 Z,
1016 2665 1117 2718 mirum
1136 2664 1215 2718 Bel)
1235 2669 1317 2720 —at

114 2771 164 2823 ego
182 2754 286 2822 pallam
304 2758 332 2808 et
350 2772 501 2822 purpuram
517 2755 611 2812 Cam.;
632 2757 677 2806 eat
695 2754 774 2821 apale
793 2769 891 2826 puram
903 2752 988 2805 BCD
1006 2751 1062 2804 uisi
1072 2752 1142 2821 quod
1152 2759 1220 2821 puri
1232 2753 1267 2806 B.
1282 2783 1315 2793 -

113 2928 174 2997 pari
192 2927 285 2996 lepide
303 2932 331 2981 et
348 2931 445 2997 argute
461 2927 531 2980 mihi
543 2928 700 2995 respondet.
728 2929 804 2980 Pers.
822 2927 868 2995 Ν,
894 2929 918 2995 4,
938 2929 986 2980 68:
1017 2943 1084 2996 quor
1109 2944 1155 2994 epo
1180 2927 1209 2980 id
1232 2927 1315 2979 mirer

114 3016 153 3070 Cf.
170 3017 256 3088 Merc.
273 3016 321 3083 ΙΙΙ,
341 3018 365 3083 4,
385 3018 433 3067 44:
459 3015 535 3066 Istuc
560 3015 590 3066 de
608 3033 638 3066 re
655 3032 699 3066 ur·
728 3013 769 3066 mi
786 3013 883 3066 homo?
955 3043 958 3050 ·

112 3108 190 3171 putus
216 3120 257 3165 es,
290 3107 319 3154 ut
343 3120 399 3171 par
425 3101 494 3171 pari
520 3103 692 3171 respondeas:
763 3104 805 3154 51.
841 3100 905 3170 quoi
920 3103 981 3151 suut
999 3099 1082 3151 deuiis
1096 3100 1203 3168 ferrei,
1230 3119 1259 3155 se
1275 3102 1316 3170 ip·

114 3190 188 3243 Pers.
207 3191 241 3259 ΙΙ,
266 3192 289 3258 2,
308 3192 358 3242 41:
389 3189 447 3241 Par
467 3189 536 3258 puri
557 3189 698 3257 respondes
728 3207 788 3242 sum
809 3188 886 3242 dicit.
921 3188 1026 3240 Dentes
1048 3187 1122 3240 enim
1147 3187 1249 3242 ferreos
1268 3190 1314 3242 ha·

115 3276 192 3331 dicto.
211 3307 244 3315 -
282 3278 351 3330 Tum
369 3278 447 3330 miles
467 3278 501 3330 ad
519 3277 701 3330 Phronesium
728 3279 790 3345 bet,
810 3276 910 3345 quibus
929 3277 957 3327 et
974 3274 1091 3327 militem
1109 3293 1202 3329 morsu
1220 3281 1316 3344 petere

117 3382 263 3419 conuersus
287 3368 320 3418 ut
341 3366 453 3419 tandem
476 3368 583 3418 ametur
606 3367 699 3432 postu·
729 3369 758 3418 et
780 3364 941 3418 uerberibus
969 3362 1030 3429 ipse
1057 3363 1186 3417 resistere
1215 3369 1316 3432 petest.

113 3454 162 3506 lat.
183 3486 201 3492 -
227 3469 297 3503 nuuc
316 3451 370 3503 iam
390 3469 497 3520 semper
515 3453 600 3504 trium
619 3452 699 3519 sylla·
728 3453 771 3505 Ita
801 3451 945 3519 dentilepus
981 3453 1096 3504 uocatur
1125 3451 1172 3518 qui
1201 3452 1317 3519 uapulat

113 3541 211 3594 barum
229 3542 279 3592 est.
299 3568 332 3596 -,-
355 3540 449 3591 sulte'm
468 3539 564 3592 eodem
583 3542 700 3592 accentu
730 3540 806 3608 Capt.
819 3540 864 3606 Ν,
884 3540 908 3605 2,
929 3540 961 3589 18
981 3540 1010 3589 εῖ
1028 3536 1255 3606 dentifrapibulus
1268 3541 1316 3607 qui

115 3631 143 3681 et
162 3626 258 3680 eodem
275 3643 373 3679 uersus
390 3627 452 3679 loco
470 3626 592 3695 positum
610 3627 702 3678 exstat
728 3628 859 3680 uerberat
876 3625 975 3678 Bacch.
994 3625 1040 3692 IV,
1060 3627 1085 3691 2,
1106 3627 1154 3692 143
1173 3626 1215 3680 23.

115 3732 149 3768 ex
173 3713 259 3765 Palat.
286 3712 423 3780 scriptura
446 3713 545 3766 Pseud.
567 3713 587 3780 Ι,
614 3717 638 3781 3,
658 3716 700 3766 87.
765 3717 808 3768 52.
843 3715 906 3767 Iure
927 3729 1005 3779 meo,
1038 3711 1129 3779 inquit
1153 3713 1246 3782 miles,
1280 3715 1316 3769 ad

115 3833 149 3842 -
167 3799 194 3852 si
210 3816 294 3862 umas,
316 3799 374 3853 scil.
388 3818 445 3864 rae,
466 3804 498 3853 ut
515 3799 619 3869 passim
640 3818 701 3853 amo
729 3801 909 3855 Phronesium
938 3799 1054 3853 introire
1084 3817 1214 3869 possum,
1251 3803 1316 3870 quia

114 3893 142 3943 et
160 3887 255 3940 urnabo
273 3887 373 3941 omisso
392 3892 424 3943 te.
729 3888 862 3942 meretrix
880 3892 922 3941 est
940 3905 1010 3955 quae
1029 3904 1128 3956 corpus
1149 3905 1227 3941 suum
1246 3892 1314 3957 pub·

149 3979 193 4030 49.
228 3975 378 4028 Pristinam
396 3975 543 4030 lectionem
561 3993 605 4029 me
622 3975 700 4030 inda·
728 3977 803 4032 licat.

114 4081 194 4133 gesse
211 4081 267 4117 non
285 4065 482 4118 contenderim.
765 4066 807 4118 53.
843 4063 1078 4130 strenuos,·f01tis‚
1098 4062 1162 4130 quia
1174 4062 1252 4116 miles
1266 4067 1315 4117 est.
1345 4069 1347 4073 ’

150 4153 192 4203 50.
229 4149 403 4205 Conformaui
431 4153 466 4205 ad
491 4151 700 4206 similitudinem
729 4152 767 4207 cf.
788 4170 847 4221 sup.
866 4151 900 4219 11,
920 4154 944 4219 6,
965 4153 1007 4205 12,

115 4257 141 4291 u.
160 4238 195 4306 11,
215 4241 239 4306 6,
259 4241 301 4291 44.
324 4270 350 4278 -
384 4238 490 4302 abitu,
520 4239 603 4292 militi
622 4238 699 4292 dicit.
764 4240 806 4292 54.
841 4239 975 4294 Vltimam
1003 4256 1059 4292 non
1083 4238 1189 4290 elidunt
1218 4254 1315 4289 aurum

118 4353 145 4364 -
180 4324 220 4376 mi
235 4324 313 4378 homo
331 4327 382 4379 sub
401 4326 484 4381 finem
501 4343 596 4382 uersus
616 4326 700 4380 etiam
728 4329 757 4380 et
774 4330 924 4396 arpennum.
