2956 4852
119 304 162 387 ΙΙ,
186 309 214 387 6,
237 309 372 374 37-46.
615 334 831 376 rnvovnnurvs.
940 338 945 349 ¹

119 492 194 558 Phr.
220 494 323 573 Silue,
346 499 402 581 qui
423 517 474 562 me
495 497 684 563 interfecisti
707 496 810 581 paene
832 498 902 562 uita
922 503 956 563 et
977 498 1097 564 lumine
1151 540 1154 543 -

219 597 343 681 Quique
365 595 443 663 mihi
465 599 598 684 magmis
620 600 745 665 dolores
766 598 824 686 per
847 598 1047 682 uoluptatem
1069 608 1158 666 tuam

220 697 402 766 Condidisti
425 703 458 766 in
480 703 605 787 corpus,
628 723 691 786 quo
713 722 798 765 nunc
821 701 918 766 etiam
941 703 1051 767 morbo
1074 702 1191 767 misera
1212 722 1292 765 sum.

119 797 183 863 Str.
217 799 277 864 Eia
298 802 386 868 houd
408 804 448 869 ab
471 826 515 884 re,
536 804 610 869 meo
631 804 789 887 uoluptas.
812 804 871 868 tibi
893 804 966 868 istic
987 804 1119 869 obuenit
1140 804 1238 868 labos.
1336 807 1371 859 40

218 901 337 968 Filium
358 907 519 990 peperisti,
541 909 596 991 qui
619 907 707 972 aedis
730 904 840 990 spdliis
861 906 1003 990 opplebit
1024 914 1106 972 tuae.

119 1001 194 1067 Phr.
220 1004 322 1071 Milto
348 1015 472 1073 ecastor
493 1009 595 1091 migis
617 1009 753 1093 oppletis
776 1008 874 1071 tritici
896 1015 990 1091 opust
1012 1008 1179 1090 grauidis,

221 1108 267 1171 Ne
289 1108 345 1172 ille
366 1112 555 1195 priusquam
578 1111 681 1195 spolia
702 1111 817 1193 capiat,
841 1109 894 1174 hic
915 1131 973 1174 nos
996 1110 1150 1175 exstinxit
1171 1109 1281 1174 fames.

120 1206 184 1272 Str.
219 1207 309 1274 Hibe
331 1210 450 1276 bonum
472 1215 625 1278 animum.

460 1313 534 1379 Phr.
558 1313 712 1380 Suiuium
734 1314 777 1378 sis
800 1313 875 1378 hinc
896 1318 978 1397 pete.
1003 1314 1054 1394 ah,
1076 1312 1200 1397 nequeo
1224 1315 1321 1396 eaput

220 1413 361 1479 Tollere:
386 1414 432 1479 ita
454 1417 537 1480 dolet
557 1419 667 1500 itaque
690 1426 812 1499 egomet
833 1417 920 1480 dolui
941 1437 1044 1500 neque
1066 1415 1163 1481 etiaim
1185 1436 1266 1499 queo
1337 1425 1371 1479 46

222 1516 359 1581 Pedibus
382 1539 454 1582 mea
476 1525 589 1603 sponte
611 1518 785 1583 imbulare.

703 1620 767 1686 Str.
791 1620 824 1685 Si
845 1623 941 1705 plane
964 1643 1004 1686 ex
1025 1619 1131 1687 medio
1153 1619 1234 1684 mari

120 1793 162 1846 37.
195 1806 265 1858 pene
284 1789 368 1843 BOD
387 1819 414 1826 -
438 1789 497 1866 uite
518 1793 552 1860 Z,
584 1795 616 1843 ut
634 1793 693 1844 ulte
713 1791 782 1857 ΒΙ),
814 1795 846 1844 ut
863 1792 937 1844 ultra
959 1790 988 1844 0.
1086 1794 1128 1845 38.
1158 1789 1265 1858 Quique
1286 1787 1319 1856 Β,

120 1878 250 1946 quiquem
272 1876 304 1943 0,
335 1877 438 1945 quique
457 1877 488 1930 D
507 1908 539 1917 -
559 1879 629 1932 mihi
649 1880 684 1947 Z,
715 1877 755 1931 ibi
772 1879 812 1948 Β,
842 1879 886 1932 lbi
908 1878 960 1932 01)
980 1909 1009 1918 -
1030 1895 1145 1948 magnos
1163 1877 1271 1934 dolores
1289 1876 1320 1945 Z,

118 1966 213 2034 magni
231 1965 333 2018 doloris
353 1965 417 2033 Β1),
436 1966 633 2034 magnidoloris
656 1969 678 2019 0
699 1997 726 2005 -
746 1967 969 2035 peruoluptatem
990 1967 1014 2018 0
1040 1998 1052 2005 -
1081 1970 1158 2019 tuom
1177 1966 1318 2032 cumopat.

123 2053 153 2106 0.
173 2083 201 2091 -
242 2054 284 2105 39.
314 2052 464 2105 condidisti
486 2053 536 2106 01)
563 2085 594 2093 -
619 2055 652 2106 ln
676 2071 775 2122 corpus
793 2054 835 2122 1),
859 2055 991 2123 Incorpus
1013 2053 1035 2106 0
1063 2084 1088 2092 -
1115 2050 1322 2107 miserasumO

120 2157 179 2191 com
197 2144 266 2207 spat.
295 2170 317 2178 -
357 2140 401 2192 40,
432 2140 474 2192 eia
492 2140 567 2195 houd
584 2143 618 2195 ab
636 2160 666 2196 re
689 2145 780 2209 Cam.;
800 2143 863 2196 Gela
881 2142 987 2196 adobrc
1008 2141 1041 2209 Β,
1060 2141 1155 2195 celnod
1175 2140 1277 2193 Obrem
1292 2141 1320 2205 0,

119 2228 179 2281 cele
197 2227 232 2280 ad
250 2226 292 2279 Ob
309 2243 368 2279 rem
382 2226 412 2278 D
434 2262 457 2269 -
480 2227 543 2281 istic
562 2230 676 2283 obuenit
695 2230 773 2283 labos
791 2229 894 2287 Goell.,·
916 2229 1031 2282 obuenit
1049 2228 1127 2281 labos
1145 2227 1215 2280 istoc
1227 2225 1319 2278 Βο1).

118 2346 153 2358 --
188 2317 230 2367 41.
262 2313 350 2366 filium
371 2313 424 2366 01)
450 2346 482 2355 -
506 2313 772 2385 filiumpeperistiO
798 2347 823 2354 -
850 2316 902 2383 Qui
923 2316 976 2368 01)
998 2346 1024 2354 -
1047 2316 1105 2368 edis
1124 2314 1165 2382 B,
1192 2314 1267 2367 aedis
1289 2313 1319 2381 0,

117 2403 182 2468 edes
200 2401 231 2453 D
251 2432 281 2440 -
301 2401 426 2469 opplebit
440 2403 470 2469 Z,
490 2403 614 2470 oppleuit
627 2404 716 2458 Βο1).
737 2435 767 2444 -
806 2405 849 2456 42.
878 2402 966 2455 multo
982 2401 1034 2454 01)
1053 2433 1086 2443 -
1106 2401 1224 2470 oppletis
1238 2399 1320 2453 Βο1)

118 2489 256 2541 —tritici
275 2491 358 2556 opust
376 2489 476 2546 Boin.-
498 2507 566 2558 opus
585 2494 600 2542 ὅ
618 2491 707 2545 tritici
725 2492 765 2559 B,
791 2491 864 2559 Opus
885 2494 927 2543 est
944 2490 1031 2544 tritici
1052 2489 1105 2543 01)
1126 2519 1158 2526 -
1177 2487 1319 2558 granarcis

118 2577 153 2644 Β,
171 2576 294 2645 granarii
314 2575 372 2627 01).
392 2607 425 2616 -
462 2579 504 2630 43.
535 2595 570 2629 ne
591 2577 642 2631 01)
661 2609 694 2616 -
713 2579 791 2647 prius
809 2596 890 2647 quam
914 2577 965 2630 01)
989 2607 1016 2616 -
1038 2577 1103 2631 hinc
1122 2581 1155 2645 Β,
1173 2577 1246 2629 Hinc
1266 2574 1319 2628 CD

120 2695 148 2704 -
176 2663 311 2717 extincxit
330 2662 405 2729 BD,
437 2664 557 2716 extinxit
578 2665 608 2718 0.
633 2696 658 2704 -
698 2669 740 2719 44.
771 2666 851 2719 Habe
871 2666 975 2719 bonum
993 2666 1114 2718 animum
1135 2665 1170 2732 Ζ,
1201 2663 1317 2717 Habebo

117 2769 174 2806 unu
191 2755 308 2804 manunt
327 2750 364 2817 Β,
388 2750 497 2805 habebo
516 2756 705 2805 unum-anunt
727 2753 750 2806 0
771 2757 795 2804 et
819 2751 875 2805 nisi
891 2752 962 2822 quod
977 2757 1035 2807 unii
1054 2752 1085 2803 D
1105 2781 1138 2791 -
1158 2751 1264 2805 saulum
1283 2750 1318 2818 Β,

118 2839 244 2893 suacium
259 2838 312 2890 01)
334 2867 358 2876 -
381 2839 424 2891 Sis
441 2838 493 2892 01)
514 2869 539 2878 -
562 2840 627 2893 hino
644 2843 708 2907 pete
723 2840 837 2909 Spera:
856 2844 921 2909 pete
938 2840 1004 2893 hino
1017 2839 1100 2892 BOD
1118 2839 1236 2907 (Sispete
1254 2837 1319 2891 hinc

117 2928 153 2994 0)
174 2957 207 2966 -
226 2925 260 2978 eh
280 2924 381 2981 Boin:
402 2925 437 2977 ab
456 2925 540 2977 Βο1)
559 2927 710 2995 (ebrequeo
731 2926 771 2993 C).
791 2957 824 2966 -
860 2930 903 2980 45.
934 2927 974 2980 ita
992 2927 1067 2981 dolet
1087 2926 1199 2993 sponoe
1222 2923 1316 2981 Stude

115 3015 157 3068 its
176 3015 211 3068 do
228 3016 260 3066 ut
273 3011 336 3080 BD,
356 3012 432 3069 trano
450 3016 482 3065 ut
498 3013 521 3065 0
538 3043 571 3052 -
589 3018 699 3083 egomet
712 3015 823 3084 ὅμως
844 3031 895 3083 ego
913 3030 957 3066 me
972 3013 1054 3066 BCD
1068 3041 1100 3050 -
1114 3011 1189 3065 dolui
1202 3011 1315 3080 Spero:

118 3101 182 3155 dulo
200 3100 327 3166 tmedulo)
345 3100 380 3167 B,
400 3101 462 3154 dolo
478 3100 529 3154 01)
547 3131 579 3140 -
599 3103 680 3154 eliam
699 3102 757 3170 (rie)
776 3103 809 3170 B,
828 3101 884 3153 iem
903 3100 1016 3154 0122-
1052 3103 1095 3154 46.
1125 3099 1243 3168 pedibus
1265 3097 1319 3150 01)

118 3219 151 3228 -
170 3189 233 3242 Mea
251 3190 349 3255 sponte
370 3187 433 3255 01),
460 3205 534 3241 meas
552 3189 647 3257 ponite
663 3188 691 3240 Β
711 3217 744 3228 -
763 3189 806 3242 sih
824 3187 909 3241 Βο1)
925 3220 960 3230 -
984 3189 1076 3257 plume
1094 3186 1125 3239 D
1144 3216 1175 3226 -
1194 3185 1264 3239 mari
1283 3186 1318 3255 Β,

117 3279 205 3330 morie
226 3275 278 3328 01)
297 3275 520 3336 (exmediomaria
541 3276 582 3342 0).
601 3306 631 3314 -

117 3434 195 3487 quom
216 3446 246 3454 -
261 3412 400 3485 peperisti.
437 3414 543 3467 Similia
562 3414 701 3469 suntilist·
767 3419 810 3471 43.
845 3415 925 3467 Licet
943 3415 1026 3468 etium
1038 3415 1140 3467 Ne'llle
1158 3431 1220 3468 cum
1232 3413 1319 3466 hictu.

117 3505 151 3571 ΙΙ,
173 3509 196 3572 1,
216 3505 261 3556 50:
293 3502 322 3554 di
337 3500 435 3569 ⁸scierint
455 3533 483 3541 -
505 3501 609 3554 nisi-
629 3501 701 3574 effli-
767 3505 808 3555 44.
846 3506 926 3570 sopiit
949 3502 1057 3563 tollere,
1090 3505 1122 3554 ut
1147 3501 1270 3554 osculum
1294 3500 1320 3554 ei

117 3609 189 3651 xero,
212 3589 267 3641 nisi
283 3594 311 3640 to
331 3586 406 3639 illam
425 3587 554 3645 remittis,-
587 3590 648 3642 Aul.
667 3591 701 3660 ΙΙ,
732 3589 838 3657 offerat,
857 3589 921 3657 quia
939 3605 1040 3658 magna
1058 3591 1164 3641 statura
1177 3592 1219 3640 est
1230 3588 1318 3642 miles.

118 3673 142 3744 8,
164 3680 210 3731 10:
241 3675 267 3727 ri
287 3674 351 3744 qnid
369 3675 541 3744 promeris,
569 3707 599 3718 -
628 3694 703 3744 opere
766 3678 808 3731 45.
844 3676 1002 3745 Legebatur
1040 3674 1128 3744 itaque
1160 3688 1205 3742 epo
1236 3692 1316 3727 nunc.

118 3764 203 3827 liceat,
225 3761 280 3814 m‘si
291 3761 452 3830 peperceris.
730 3764 769 3816 At
780 3781 869 3832 neque
881 3763 1045 3831 producitur
1058 3779 1103 3830 eqo
1116 3762 1144 3814 in
1157 3766 1221 3816 tetr.
1229 3762 1317 3817 broch.

153 3854 195 3904 37.
232 3847 393 3916 interfecisti
410 3848 475 3912 uita,
497 3850 565 3902 Gell.
586 3851 647 3918 ΧΠ,
671 3853 701 3903 7:
731 3855 784 3904 cat.
802 3855 830 3903 et
849 3850 970 3904 debebat
988 3851 1132 3904 collocari:
1152 3849 1189 3903 iio
1209 3868 1255 3919 epo
1273 3851 1317 3902 do-

116 3938 214 3990 mulier
234 3935 322 3988 scirem
348 3940 372 3987 et
389 3934 485 4005 fllium
508 3936 564 3988 uita
591 3936 701 4006 interfit·
733 3937 773 3988 tui
789 3937 878 4006 itaque
896 3955 967 3989 nzcnc
985 3937 1068 3992 doleo.
1090 3969 1120 3978 -
1147 3938 1200 3992 Pro
1219 3943 1318 4006 eqomot

117 4029 197 4078 cerat.
732 4023 807 4075 dolui
829 4025 905 4078 aliud
936 4024 1023 4078 latere
1054 4028 1147 4094 potest
1171 4026 1248 4078 uelut
1271 4042 1317 4094 eqo

152 4115 194 4166 40,
232 4109 304 4161 baud
327 4109 361 4160 ab
386 4126 430 4173 re,
462 4125 517 4163 non
542 4110 601 4164 sine
624 4111 702 4164 lucro
731 4127 772 4160 me
791 4109 880 4162 crucio
899 4112 961 4165 coll.
974 4112 1074 4167 Bacch.
1087 4113 1134 4180 Ill,
1154 4117 1177 4179 3,
1197 4115 1240 4166 89.

116 4199 193 4268 capt.
206 4198 241 4264 11,
257 4199 281 4265 2,
294 4200 343 4263 883
368 4197 443 4250 Asin.
457 4197 477 4264 1,
492 4200 515 4264 3,
530 4202 572 4251 71.
766 4200 809 4251 46.
845 4215 904 4250 mea
930 4206 1034 4268 sponte,
1067 4217 1122 4254 nou
1144 4199 1197 4252 nisi
1221 4199 1316 4253 adiuta

151 4289 193 4340 42.
231 4288 306 4354 optet
323 4284 480 4352 corripitur.
730 4283 765 4339 ab
784 4284 900 4339 ancillis.
