<?xml version="1.0" encoding="UTF-8"?>
<!DOCTYPE html PUBLIC "-//W3C//DTD XHTML 1.0 Transitional//EN"
    "http://www.w3.org/TR/xhtml1/DTD/xhtml1-transitional.dtd">
<html xmlns="http://www.w3.org/1999/xhtml" xml:lang="en" lang="en">
 <head>
  <title>
</title>
<meta http-equiv="Content-Type" content="text/html;charset=utf-8" />
  <meta name='ocr-system' content='tesseract 3.04.00' />
  <meta name='ocr-capabilities' content='ocr_page ocr_carea ocr_par ocr_line ocrx_word'/>
</head>
<body>
  <div class='ocr_page' id='page_1' title='image "./truculentuscuma00plaugoog_0053.png"; bbox 0 0 2956 4852; ppageno 0'>
   <div class='ocr_carea' id='block_1_1' title="bbox 120 327 837 410">
    <p class='ocr_par' dir='ltr' id='par_1_1' title="bbox 120 327 837 410">
     <span class='ocr_line' id='line_1_1' title="bbox 120 327 837 410; baseline 0.001 -21"><span class='ocrx_word' id='word_1_1' title='bbox 120 327 165 410; x_wconf 87' lang='grc' dir='ltr'>ΙΙ,</span> <span class='ocrx_word' id='word_1_2' title='bbox 189 330 217 405; x_wconf 89' lang='grc' dir='ltr'>Ι,</span> <span class='ocrx_word' id='word_1_3' title='bbox 241 329 333 390; x_wconf 53' lang='lat'>14.</span> <span class='ocrx_word' id='word_1_4' title='bbox 621 348 837 391; x_wconf 73' lang='lat' dir='ltr'>rrucvmurvs.</span> 
     </span>
    </p>
   </div>
   <div class='ocr_carea' id='block_1_2' title="bbox 550 1007 898 1132">
    <p class='ocr_par' dir='ltr' id='par_1_2' title="bbox 550 1007 898 1132">
     <span class='ocr_line' id='line_1_2' title="bbox 550 1007 898 1132; baseline 0.003 -2"><span class='ocrx_word' id='word_1_5' title='bbox 550 1007 898 1132; x_wconf 68' lang='lat' dir='ltr'>As&#39;rluruvu.</span> 
     </span>
    </p>
   </div>
   <div class='ocr_carea' id='block_1_3' title="bbox 177 1346 1382 1735">
    <p class='ocr_par' dir='ltr' id='par_1_3' title="bbox 177 1346 1382 1735">
     <span class='ocr_line' id='line_1_3' title="bbox 211 1346 1382 1429; baseline -0.003 -17"><span class='ocrx_word' id='word_1_6' title='bbox 211 1349 263 1412; x_wconf 81' lang='lat' dir='ltr'>Ha</span> <span class='ocrx_word' id='word_1_7' title='bbox 285 1349 328 1412; x_wconf 86' lang='lat' dir='ltr'>ha</span> <span class='ocrx_word' id='word_1_8' title='bbox 349 1347 390 1410; x_wconf 69' lang='lat' dir='ltr'>hc</span> <span class='ocrx_word' id='word_1_9' title='bbox 412 1346 556 1429; x_wconf 87' lang='lat' dir='ltr'>requieui</span> <span class='ocrx_word' id='word_1_10' title='bbox 579 1346 655 1427; x_wconf 81' lang='lat' dir='ltr'>quia</span> <span class='ocrx_word' id='word_1_11' title='bbox 678 1346 763 1408; x_wconf 82' lang='lat' dir='ltr'>intro</span> <span class='ocrx_word' id='word_1_12' title='bbox 787 1346 866 1410; x_wconf 84' lang='lat' dir='ltr'>abiit</span> <span class='ocrx_word' id='word_1_13' title='bbox 888 1346 997 1409; x_wconf 81' lang='lat' dir='ltr'>cdiirm</span> <span class='ocrx_word' id='word_1_14' title='bbox 1018 1365 1135 1410; x_wconf 87' lang='lat' dir='ltr'>meum.</span> <span class='ocrx_word' id='word_1_15' title='bbox 1305 1348 1342 1415; x_wconf 84' lang='lat' dir='ltr'>II,</span> <span class='ocrx_word' id='word_1_16' title='bbox 1359 1349 1382 1400; x_wconf 88' lang='lat' dir='ltr'>l.</span> 
     </span>
     <span class='ocr_line' id='line_1_4' title="bbox 177 1447 1160 1530; baseline 0 -17"><span class='ocrx_word' id='word_1_17' title='bbox 177 1466 181 1475; x_wconf 74' lang='grc'><em>’</em></span> <span class='ocrx_word' id='word_1_18' title='bbox 285 1449 428 1514; x_wconf 69' lang='lat' dir='ltr'>&#39;laudem</span> <span class='ocrx_word' id='word_1_19' title='bbox 451 1448 519 1512; x_wconf 83' lang='lat' dir='ltr'>sola</span> <span class='ocrx_word' id='word_1_20' title='bbox 541 1448 627 1512; x_wconf 80' lang='lat' dir='ltr'>sum:</span> <span class='ocrx_word' id='word_1_21' title='bbox 651 1465 735 1511; x_wconf 86' lang='lat' dir='ltr'>nuuc</span> <span class='ocrx_word' id='word_1_22' title='bbox 757 1447 887 1530; x_wconf 73' lang='lat' dir='ltr'>quidem</span> <span class='ocrx_word' id='word_1_23' title='bbox 909 1469 979 1511; x_wconf 89' lang='lat' dir='ltr'>mec</span> <span class='ocrx_word' id='word_1_24' title='bbox 1002 1447 1160 1513; x_wconf 71' lang='lat' dir='ltr'>arbitrttu</span> 
     </span>
     <span class='ocr_line' id='line_1_5' title="bbox 287 1549 1084 1632; baseline -0.003 -17"><span class='ocrx_word' id='word_1_25' title='bbox 287 1549 415 1632; x_wconf 61' lang='lat' dir='ltr'>Loquer</span> <span class='ocrx_word' id='word_1_26' title='bbox 436 1549 535 1614; x_wconf 76' lang='lat' dir='ltr'>libere</span> <span class='ocrx_word' id='word_1_27' title='bbox 559 1570 640 1631; x_wconf 85' lang='lat' dir='ltr'>quae</span> <span class='ocrx_word' id='word_1_28' title='bbox 662 1550 770 1613; x_wconf 85' lang='lat' dir='ltr'>uolam</span> <span class='ocrx_word' id='word_1_29' title='bbox 794 1549 826 1613; x_wconf 74' lang='lat' dir='ltr'>et</span> <span class='ocrx_word' id='word_1_30' title='bbox 848 1570 930 1632; x_wconf 84' lang='lat' dir='ltr'>quae</span> <span class='ocrx_word' id='word_1_31' title='bbox 952 1549 1084 1614; x_wconf 74' lang='lat' dir='ltr'>lubebit.</span> 
     </span>
     <span class='ocr_line' id='line_1_6' title="bbox 209 1650 1242 1735; baseline -0.002 -20"><span class='ocrx_word' id='word_1_32' title='bbox 209 1652 291 1717; x_wconf 84' lang='lat' dir='ltr'>Huic</span> <span class='ocrx_word' id='word_1_33' title='bbox 307 1651 430 1715; x_wconf 75' lang='lat' dir='ltr'>hcmiui</span> <span class='ocrx_word' id='word_1_34' title='bbox 445 1652 566 1715; x_wconf 83' lang='lat' dir='ltr'>amanti</span> <span class='ocrx_word' id='word_1_35' title='bbox 581 1651 652 1715; x_wconf 67' lang='lat' dir='ltr'>meri</span> <span class='ocrx_word' id='word_1_36' title='bbox 667 1672 723 1714; x_wconf 83' lang='lat' dir='ltr'>era</span> <span class='ocrx_word' id='word_1_37' title='bbox 738 1659 817 1735; x_wconf 85' lang='lat' dir='ltr'>aput</span> <span class='ocrx_word' id='word_1_38' title='bbox 831 1673 889 1714; x_wconf 85' lang='lat' dir='ltr'>ucs</span> <span class='ocrx_word' id='word_1_39' title='bbox 903 1651 1031 1714; x_wconf 75' lang='lat' dir='ltr'>neniam</span> <span class='ocrx_word' id='word_1_40' title='bbox 1047 1651 1128 1714; x_wconf 87' lang='lat' dir='ltr'>dixit</span> <span class='ocrx_word' id='word_1_41' title='bbox 1142 1650 1242 1715; x_wconf 72' lang='lat' dir='ltr'>bonie</span> 
     </span>
    </p>
   </div>
   <div class='ocr_carea' id='block_1_4' title="bbox 127 1839 1335 2966">
    <p class='ocr_par' dir='ltr' id='par_1_4' title="bbox 127 1839 1335 2966">
     <span class='ocr_line' id='line_1_7' title="bbox 196 1839 1330 1923; baseline 0.001 -15"><span class='ocrx_word' id='word_1_42' title='bbox 196 1839 452 1909; x_wconf 63' lang='lat' dir='ltr'>ZASTRAPHIVG·</span> <span class='ocrx_word' id='word_1_43' title='bbox 471 1855 506 1922; x_wconf 92' lang='lat' dir='ltr'>B,</span> <span class='ocrx_word' id='word_1_44' title='bbox 526 1854 609 1908; x_wconf 82' lang='lat' dir='ltr'>omitt.</span> <span class='ocrx_word' id='word_1_45' title='bbox 623 1855 708 1907; x_wconf 81' lang='lat' dir='ltr'>ACD</span> <span class='ocrx_word' id='word_1_46' title='bbox 726 1859 751 1906; x_wconf 81' lang='lat' dir='ltr'>et</span> <span class='ocrx_word' id='word_1_47' title='bbox 768 1873 849 1906; x_wconf 82' lang='lat' dir='ltr'>unam</span> <span class='ocrx_word' id='word_1_48' title='bbox 864 1854 960 1906; x_wconf 80' lang='lat' dir='ltr'>lineam</span> <span class='ocrx_word' id='word_1_49' title='bbox 973 1872 1085 1906; x_wconf 81' lang='lat' dir='ltr'>uacuam</span> <span class='ocrx_word' id='word_1_50' title='bbox 1100 1853 1253 1923; x_wconf 79' lang='lat' dir='ltr'>relinquunt</span> <span class='ocrx_word' id='word_1_51' title='bbox 1268 1848 1330 1909; x_wconf 79' lang='lat' dir='ltr'>OD.</span> 
     </span>
     <span class='ocr_line' id='line_1_8' title="bbox 130 1940 1332 2010; baseline 0.002 -18"><span class='ocrx_word' id='word_1_52' title='bbox 130 1971 161 1980; x_wconf 94' lang='lat'><em>-</em></span> <span class='ocrx_word' id='word_1_53' title='bbox 200 1945 224 1995; x_wconf 89' lang='lat' dir='ltr'>l.</span> <span class='ocrx_word' id='word_1_54' title='bbox 256 1941 381 1994; x_wconf 77' lang='lat' dir='ltr'>hahehee</span> <span class='ocrx_word' id='word_1_55' title='bbox 404 1941 505 2001; x_wconf 86' lang='lat' dir='ltr'>Goell.;</span> <span class='ocrx_word' id='word_1_56' title='bbox 531 1942 580 2010; x_wconf 80' lang='lat' dir='ltr'>lia¹</span> <span class='ocrx_word' id='word_1_57' title='bbox 584 1941 678 2009; x_wconf 81' lang='lat' dir='ltr'>priori</span> <span class='ocrx_word' id='word_1_58' title='bbox 694 1941 788 1993; x_wconf 80' lang='lat' dir='ltr'>uersui</span> <span class='ocrx_word' id='word_1_59' title='bbox 804 1941 935 1993; x_wconf 76' lang='lat' dir='ltr'>adiectum</span> <span class='ocrx_word' id='word_1_60' title='bbox 955 1944 998 2005; x_wconf 86' lang='lat' dir='ltr'>A,</span> <span class='ocrx_word' id='word_1_61' title='bbox 1026 1941 1143 1994; x_wconf 82' lang='lat' dir='ltr'><strong>Hahaha</strong></span> <span class='ocrx_word' id='word_1_62' title='bbox 1165 1940 1198 2010; x_wconf 83' lang='lat'>0,</span> <span class='ocrx_word' id='word_1_63' title='bbox 1224 1941 1332 1994; x_wconf 84' lang='lat' dir='ltr'>ababa</span> 
     </span>
     <span class='ocr_line' id='line_1_9' title="bbox 128 2011 1333 2097; baseline -0.002 -16"><span class='ocrx_word' id='word_1_64' title='bbox 128 2046 187 2081; x_wconf 78' lang='lat' dir='ltr'>rum</span> <span class='ocrx_word' id='word_1_65' title='bbox 205 2033 273 2096; x_wconf 73' lang='lat' dir='ltr'>spat.</span> <span class='ocrx_word' id='word_1_66' title='bbox 296 2027 356 2079; x_wconf 80' lang='lat' dir='ltr'>init.</span> <span class='ocrx_word' id='word_1_67' title='bbox 371 2029 410 2093; x_wconf 85' lang='lat' dir='ltr'>D,</span> <span class='ocrx_word' id='word_1_68' title='bbox 431 2011 469 2083; x_wconf 65' lang='lat' dir='ltr'>Vi</span> <span class='ocrx_word' id='word_1_69' title='bbox 486 2029 536 2080; x_wconf 84' lang='lat' dir='ltr'>Ha·</span> <span class='ocrx_word' id='word_1_70' title='bbox 550 2030 593 2081; x_wconf 85' lang='lat' dir='ltr'>ha·</span> <span class='ocrx_word' id='word_1_71' title='bbox 607 2029 652 2081; x_wconf 82' lang='lat' dir='ltr'>ha·</span> <span class='ocrx_word' id='word_1_72' title='bbox 668 2030 695 2080; x_wconf 90' lang='lat' dir='ltr'><em>B</em></span> <span class='ocrx_word' id='word_1_73' title='bbox 716 2060 746 2068; x_wconf 90' lang='lat'><strong>—</strong></span> <span class='ocrx_word' id='word_1_74' title='bbox 767 2029 900 2096; x_wconf 86' lang='lat' dir='ltr'>Requieui</span> <span class='ocrx_word' id='word_1_75' title='bbox 919 2031 954 2097; x_wconf 92' lang='lat' dir='ltr'>A,</span> <span class='ocrx_word' id='word_1_76' title='bbox 975 2029 1047 2082; x_wconf 90' lang='lat' dir='ltr'>ercle</span> <span class='ocrx_word' id='word_1_77' title='bbox 1065 2029 1157 2097; x_wconf 87' lang='lat' dir='ltr'>quieui</span> <span class='ocrx_word' id='word_1_78' title='bbox 1176 2028 1260 2081; x_wconf 75' lang='lat' dir='ltr'>BuD</span> <span class='ocrx_word' id='word_1_79' title='bbox 1279 2028 1333 2080; x_wconf 77' lang='lat' dir='ltr'>uisi</span> 
     </span>
     <span class='ocr_line' id='line_1_10' title="bbox 128 2114 1332 2185; baseline 0.002 -20"><span class='ocrx_word' id='word_1_80' title='bbox 128 2115 198 2185; x_wconf 82' lang='lat' dir='ltr'>quod</span> <span class='ocrx_word' id='word_1_81' title='bbox 214 2115 307 2169; x_wconf 87' lang='lat' dir='ltr'>hercle</span> <span class='ocrx_word' id='word_1_82' title='bbox 324 2114 354 2165; x_wconf 90' lang='lat' dir='ltr'><em>D</em></span> <span class='ocrx_word' id='word_1_83' title='bbox 376 2145 403 2154; x_wconf 93' lang='lat'><em>-</em></span> <span class='ocrx_word' id='word_1_84' title='bbox 425 2116 498 2168; x_wconf 85' lang='lat' dir='ltr'>intro</span> <span class='ocrx_word' id='word_1_85' title='bbox 517 2117 586 2169; x_wconf 84' lang='lat' dir='ltr'>abiit</span> <span class='ocrx_word' id='word_1_86' title='bbox 604 2117 698 2169; x_wconf 84' lang='lat' dir='ltr'>odium</span> <span class='ocrx_word' id='word_1_87' title='bbox 717 2133 809 2169; x_wconf 89' lang='lat' dir='ltr'>meum</span> <span class='ocrx_word' id='word_1_88' title='bbox 827 2119 868 2183; x_wconf 98' lang='lat' dir='ltr'>A,</span> <span class='ocrx_word' id='word_1_89' title='bbox 900 2115 992 2168; x_wconf 81' lang='lat' dir='ltr'>introe</span> <span class='ocrx_word' id='word_1_90' title='bbox 1015 2116 1058 2168; x_wconf 85' lang='lat' dir='ltr'>uit</span> <span class='ocrx_word' id='word_1_91' title='bbox 1080 2117 1166 2169; x_wconf 78' lang='lat' dir='ltr'>hodiir</span> <span class='ocrx_word' id='word_1_92' title='bbox 1190 2118 1229 2183; x_wconf 88' lang='lat' dir='ltr'>B,</span> <span class='ocrx_word' id='word_1_93' title='bbox 1259 2117 1332 2168; x_wconf 81' lang='lat' dir='ltr'>iutro</span> 
     </span>
     <span class='ocr_line' id='line_1_11' title="bbox 128 2201 1332 2271; baseline 0.002 -18"><span class='ocrx_word' id='word_1_94' title='bbox 128 2203 180 2254; x_wconf 83' lang='lat' dir='ltr'>iuit</span> <span class='ocrx_word' id='word_1_95' title='bbox 197 2203 291 2255; x_wconf 89' lang='lat' dir='ltr'>odium</span> <span class='ocrx_word' id='word_1_96' title='bbox 310 2219 368 2253; x_wconf 80' lang='lat' dir='ltr'>rum</span> <span class='ocrx_word' id='word_1_97' title='bbox 387 2207 456 2270; x_wconf 77' lang='lat' dir='ltr'>spat.</span> <span class='ocrx_word' id='word_1_98' title='bbox 473 2209 536 2270; x_wconf 81' lang='lat' dir='ltr'>port</span> <span class='ocrx_word' id='word_1_99' title='bbox 553 2204 605 2254; x_wconf 85' lang='lat' dir='ltr'>iuit</span> <span class='ocrx_word' id='word_1_100' title='bbox 627 2204 663 2271; x_wconf 82' lang='lat'>0,</span> <span class='ocrx_word' id='word_1_101' title='bbox 691 2204 819 2255; x_wconf 86' lang='lat' dir='ltr'>iutroiuit</span> <span class='ocrx_word' id='word_1_102' title='bbox 840 2203 934 2254; x_wconf 86' lang='lat' dir='ltr'>odium</span> <span class='ocrx_word' id='word_1_103' title='bbox 953 2201 983 2252; x_wconf 89' lang='lat' dir='ltr'><em>D</em></span> <span class='ocrx_word' id='word_1_104' title='bbox 1007 2237 1027 2244; x_wconf 42' lang='grc' dir='ltr'><em>ψ</em></span> <span class='ocrx_word' id='word_1_105' title='bbox 1054 2203 1332 2256; x_wconf 77' lang='lat' dir='ltr'>odiumtuudemscla-</span> 
     </span>
     <span class='ocr_line' id='line_1_12' title="bbox 129 2275 1332 2357; baseline -0.001 -15"><span class='ocrx_word' id='word_1_106' title='bbox 129 2307 189 2343; x_wconf 83' lang='lat' dir='ltr'>sum</span> <span class='ocrx_word' id='word_1_107' title='bbox 211 2289 240 2342; x_wconf 81' lang='lat'>0.</span> <span class='ocrx_word' id='word_1_108' title='bbox 261 2320 292 2328; x_wconf 93' lang='lat'><em>-</em></span> <span class='ocrx_word' id='word_1_109' title='bbox 330 2291 355 2341; x_wconf 77' lang='lat'>2.</span> <span class='ocrx_word' id='word_1_110' title='bbox 385 2289 508 2342; x_wconf 81' lang='lat' dir='ltr'><strong>Tandem</strong></span> <span class='ocrx_word' id='word_1_111' title='bbox 527 2290 565 2357; x_wconf 91' lang='lat' dir='ltr'>B,</span> <span class='ocrx_word' id='word_1_112' title='bbox 592 2275 705 2343; x_wconf 75' lang='lat' dir='ltr'>tandem</span> <span class='ocrx_word' id='word_1_113' title='bbox 727 2290 779 2342; x_wconf 78' lang='lat' dir='ltr'>OD</span> <span class='ocrx_word' id='word_1_114' title='bbox 798 2321 832 2330; x_wconf 93' lang='lat'>-</span> <span class='ocrx_word' id='word_1_115' title='bbox 851 2288 932 2342; x_wconf 90' lang='lat' dir='ltr'>Nunc</span> <span class='ocrx_word' id='word_1_116' title='bbox 955 2287 1007 2339; x_wconf 84' lang='lat' dir='ltr'>OD</span> <span class='ocrx_word' id='word_1_117' title='bbox 1027 2319 1055 2326; x_wconf 91' lang='lat'>-</span> <span class='ocrx_word' id='word_1_118' title='bbox 1077 2290 1160 2356; x_wconf 71' lang='lat' dir='ltr'>quide</span> <span class='ocrx_word' id='word_1_119' title='bbox 1181 2290 1218 2341; x_wconf 85' lang='lat' dir='ltr'>D.</span> <span class='ocrx_word' id='word_1_120' title='bbox 1238 2320 1269 2328; x_wconf 90' lang='lat'>-</span> <span class='ocrx_word' id='word_1_121' title='bbox 1308 2291 1332 2341; x_wconf 89' lang='grc'>3.</span> 
     </span>
     <span class='ocr_line' id='line_1_13' title="bbox 127 2375 1332 2457; baseline -0.002 -28"><span class='ocrx_word' id='word_1_122' title='bbox 127 2378 225 2445; x_wconf 81' lang='lat' dir='ltr'>loquar</span> <span class='ocrx_word' id='word_1_123' title='bbox 246 2377 298 2429; x_wconf 86' lang='lat' dir='ltr'>OD</span> <span class='ocrx_word' id='word_1_124' title='bbox 317 2404 350 2412; x_wconf 92' lang='lat'>—</span> <span class='ocrx_word' id='word_1_125' title='bbox 370 2394 439 2443; x_wconf 84' lang='lat' dir='ltr'>quae</span> <span class='ocrx_word' id='word_1_126' title='bbox 458 2378 550 2430; x_wconf 87' lang='lat' dir='ltr'>uolam</span> <span class='ocrx_word' id='word_1_127' title='bbox 568 2379 604 2444; x_wconf 87' lang='lat' dir='ltr'>A,</span> <span class='ocrx_word' id='word_1_128' title='bbox 624 2381 677 2443; x_wconf 67' lang='lat' dir='ltr'>que</span> <span class='ocrx_word' id='word_1_129' title='bbox 696 2378 788 2429; x_wconf 81' lang='lat' dir='ltr'>uolam</span> <span class='ocrx_word' id='word_1_130' title='bbox 809 2378 842 2444; x_wconf 89' lang='lat' dir='ltr'>B,</span> <span class='ocrx_word' id='word_1_131' title='bbox 862 2390 916 2454; x_wconf 67' lang='lat' dir='ltr'>que</span> <span class='ocrx_word' id='word_1_132' title='bbox 935 2376 1027 2427; x_wconf 84' lang='lat' dir='ltr'>uolam</span> <span class='ocrx_word' id='word_1_133' title='bbox 1049 2375 1078 2444; x_wconf 83' lang='lat'>0,</span> <span class='ocrx_word' id='word_1_134' title='bbox 1098 2393 1152 2457; x_wconf 71' lang='lat' dir='ltr'>que</span> <span class='ocrx_word' id='word_1_135' title='bbox 1171 2376 1232 2427; x_wconf 60' lang='lat' dir='ltr'>uolt</span> <span class='ocrx_word' id='word_1_136' title='bbox 1251 2375 1281 2426; x_wconf 91' lang='lat' dir='ltr'><em>D</em></span> <span class='ocrx_word' id='word_1_137' title='bbox 1298 2405 1332 2412; x_wconf 93' lang='lat'>-</span> 
     </span>
     <span class='ocr_line' id='line_1_14' title="bbox 129 2461 1333 2543; baseline -0.002 -27"><span class='ocrx_word' id='word_1_138' title='bbox 129 2469 157 2516; x_wconf 88' lang='lat' dir='ltr'>et</span> <span class='ocrx_word' id='word_1_139' title='bbox 175 2481 244 2531; x_wconf 84' lang='lat' dir='ltr'>quae</span> <span class='ocrx_word' id='word_1_140' title='bbox 262 2463 372 2515; x_wconf 82' lang='lat' dir='ltr'>iubebit</span> <span class='ocrx_word' id='word_1_141' title='bbox 390 2466 427 2531; x_wconf 91' lang='lat' dir='ltr'>Z,</span> <span class='ocrx_word' id='word_1_142' title='bbox 448 2467 476 2516; x_wconf 86' lang='lat' dir='ltr'>et</span> <span class='ocrx_word' id='word_1_143' title='bbox 494 2480 563 2531; x_wconf 86' lang='lat' dir='ltr'>quac</span> <span class='ocrx_word' id='word_1_144' title='bbox 583 2464 678 2515; x_wconf 83' lang='lat' dir='ltr'>licebit</span> <span class='ocrx_word' id='word_1_145' title='bbox 696 2468 739 2531; x_wconf 93' lang='lat' dir='ltr'>A,</span> <span class='ocrx_word' id='word_1_146' title='bbox 763 2466 791 2515; x_wconf 84' lang='lat' dir='ltr'>et</span> <span class='ocrx_word' id='word_1_147' title='bbox 810 2479 863 2529; x_wconf 90' lang='lat' dir='ltr'>que</span> <span class='ocrx_word' id='word_1_148' title='bbox 880 2463 987 2514; x_wconf 87' lang='lat' dir='ltr'>iubebit</span> <span class='ocrx_word' id='word_1_149' title='bbox 1005 2462 1047 2529; x_wconf 94' lang='lat' dir='ltr'>B,</span> <span class='ocrx_word' id='word_1_150' title='bbox 1067 2465 1095 2513; x_wconf 87' lang='lat' dir='ltr'>et</span> <span class='ocrx_word' id='word_1_151' title='bbox 1115 2462 1278 2543; x_wconf 60' lang='lat' dir='ltr'>queiubebit</span> <span class='ocrx_word' id='word_1_152' title='bbox 1302 2461 1333 2528; x_wconf 74' lang='lat'>(7,</span> 
     </span>
     <span class='ocr_line' id='line_1_15' title="bbox 129 2548 1334 2630; baseline -0.003 -26"><span class='ocrx_word' id='word_1_153' title='bbox 129 2551 224 2630; x_wconf 61' lang='lat' dir='ltr'>&amp;que</span> <span class='ocrx_word' id='word_1_154' title='bbox 249 2550 358 2602; x_wconf 89' lang='lat' dir='ltr'>iubebit</span> <span class='ocrx_word' id='word_1_155' title='bbox 377 2550 414 2604; x_wconf 90' lang='lat' dir='ltr'>D.</span> <span class='ocrx_word' id='word_1_156' title='bbox 432 2583 466 2591; x_wconf 90' lang='grc'>-</span> <span class='ocrx_word' id='word_1_157' title='bbox 502 2555 526 2604; x_wconf 82' lang='lat'>4.</span> <span class='ocrx_word' id='word_1_158' title='bbox 556 2551 661 2603; x_wconf 88' lang='lat' dir='ltr'>homini</span> <span class='ocrx_word' id='word_1_159' title='bbox 681 2552 723 2618; x_wconf 85' lang='grc' dir='ltr'>Α,</span> <span class='ocrx_word' id='word_1_160' title='bbox 747 2550 887 2601; x_wconf 87' lang='lat' dir='ltr'>hominem</span> <span class='ocrx_word' id='word_1_161' title='bbox 908 2548 942 2617; x_wconf 81' lang='lat'>0,</span> <span class='ocrx_word' id='word_1_162' title='bbox 969 2549 1081 2601; x_wconf 68' lang='lat' dir='ltr'>homine</span> <span class='ocrx_word' id='word_1_163' title='bbox 1099 2549 1158 2599; x_wconf 92' lang='lat' dir='ltr'>BD</span> <span class='ocrx_word' id='word_1_164' title='bbox 1178 2548 1334 2608; x_wconf 13' lang='lat' dir='ltr'>-xamauti</span> 
     </span>
     <span class='ocr_line' id='line_1_16' title="bbox 129 2636 1332 2706; baseline -0.001 -18"><span class='ocrx_word' id='word_1_165' title='bbox 129 2655 173 2689; x_wconf 90' lang='lat' dir='ltr'>me</span> <span class='ocrx_word' id='word_1_166' title='bbox 191 2654 237 2689; x_wconf 83' lang='lat' dir='ltr'>era</span> <span class='ocrx_word' id='word_1_167' title='bbox 255 2637 328 2703; x_wconf 83' lang='lat' dir='ltr'>apud</span> <span class='ocrx_word' id='word_1_168' title='bbox 346 2654 396 2688; x_wconf 87' lang='lat' dir='ltr'>ncs</span> <span class='ocrx_word' id='word_1_169' title='bbox 418 2637 477 2704; x_wconf 81' lang='lat' dir='ltr'>OD,</span> <span class='ocrx_word' id='word_1_170' title='bbox 497 2639 600 2690; x_wconf 80' lang='lat' dir='ltr'>amanti</span> <span class='ocrx_word' id='word_1_171' title='bbox 618 2654 693 2689; x_wconf 88' lang='lat' dir='ltr'>meer</span> <span class='ocrx_word' id='word_1_172' title='bbox 709 2636 751 2706; x_wconf 57' lang='lat' dir='ltr'>aff</span> <span class='ocrx_word' id='word_1_173' title='bbox 765 2654 815 2689; x_wconf 86' lang='lat' dir='ltr'>nos</span> <span class='ocrx_word' id='word_1_174' title='bbox 835 2637 869 2705; x_wconf 88' lang='lat' dir='ltr'>B,</span> <span class='ocrx_word' id='word_1_175' title='bbox 889 2641 956 2703; x_wconf 84' lang='lat' dir='ltr'>aput</span> <span class='ocrx_word' id='word_1_176' title='bbox 975 2653 1025 2689; x_wconf 82' lang='lat' dir='ltr'>nos</span> <span class='ocrx_word' id='word_1_177' title='bbox 1044 2653 1106 2688; x_wconf 83' lang='lat' dir='ltr'>mea</span> <span class='ocrx_word' id='word_1_178' title='bbox 1124 2653 1171 2688; x_wconf 79' lang='lat' dir='ltr'>era</span> <span class='ocrx_word' id='word_1_179' title='bbox 1189 2637 1292 2688; x_wconf 81' lang='lat' dir='ltr'>amanti</span> <span class='ocrx_word' id='word_1_180' title='bbox 1305 2638 1332 2687; x_wconf 87' lang='lat' dir='ltr'><em>A</em></span> 
     </span>
     <span class='ocr_line' id='line_1_17' title="bbox 132 2723 1333 2793; baseline 0.001 -18"><span class='ocrx_word' id='word_1_181' title='bbox 132 2754 160 2763; x_wconf 91' lang='lat'><em>—</em></span> <span class='ocrx_word' id='word_1_182' title='bbox 180 2725 289 2776; x_wconf 87' lang='lat' dir='ltr'>neniam</span> <span class='ocrx_word' id='word_1_183' title='bbox 307 2724 354 2776; x_wconf 67' lang='lat' dir='ltr'>dir</span> <span class='ocrx_word' id='word_1_184' title='bbox 372 2724 407 2792; x_wconf 94' lang='lat' dir='ltr'>B,</span> <span class='ocrx_word' id='word_1_185' title='bbox 426 2725 536 2776; x_wconf 84' lang='lat' dir='ltr'>nnciam</span> <span class='ocrx_word' id='word_1_186' title='bbox 555 2725 626 2777; x_wconf 85' lang='lat' dir='ltr'><strong>dixit</strong></span> <span class='ocrx_word' id='word_1_187' title='bbox 644 2728 679 2793; x_wconf 96' lang='lat' dir='ltr'>A,</span> <span class='ocrx_word' id='word_1_188' title='bbox 693 2725 765 2777; x_wconf 84' lang='lat' dir='ltr'>dixit</span> <span class='ocrx_word' id='word_1_189' title='bbox 783 2724 893 2776; x_wconf 84' lang='lat' dir='ltr'>ueniam</span> <span class='ocrx_word' id='word_1_190' title='bbox 916 2723 945 2790; x_wconf 76' lang='grc' dir='ltr'>Ο,</span> <span class='ocrx_word' id='word_1_191' title='bbox 966 2724 1037 2775; x_wconf 83' lang='lat' dir='ltr'>dixit</span> <span class='ocrx_word' id='word_1_192' title='bbox 1055 2724 1135 2776; x_wconf 67' lang='lat' dir='ltr'>ueniri</span> <span class='ocrx_word' id='word_1_193' title='bbox 1153 2724 1183 2775; x_wconf 93' lang='lat' dir='ltr'><em>D</em></span> <span class='ocrx_word' id='word_1_194' title='bbox 1201 2756 1235 2764; x_wconf 92' lang='lat'>—</span> <span class='ocrx_word' id='word_1_195' title='bbox 1253 2724 1333 2777; x_wconf 80' lang='lat' dir='ltr'>bonis</span> 
     </span>
     <span class='ocr_line' id='line_1_18' title="bbox 131 2810 1335 2879; baseline 0.001 -18"><span class='ocrx_word' id='word_1_196' title='bbox 131 2811 248 2878; x_wconf 71' lang='lat' dir='ltr'>Spen9.;</span> <span class='ocrx_word' id='word_1_197' title='bbox 275 2811 309 2863; x_wconf 89' lang='lat' dir='ltr'>de</span> <span class='ocrx_word' id='word_1_198' title='bbox 328 2811 408 2862; x_wconf 85' lang='lat' dir='ltr'>bonis</span> <span class='ocrx_word' id='word_1_199' title='bbox 427 2812 495 2879; x_wconf 88' lang='lat' dir='ltr'>AB,</span> <span class='ocrx_word' id='word_1_200' title='bbox 521 2811 634 2864; x_wconf 78' lang='lat' dir='ltr'>debonis</span> <span class='ocrx_word' id='word_1_201' title='bbox 657 2813 710 2865; x_wconf 83' lang='lat' dir='ltr'>OD</span> <span class='ocrx_word' id='word_1_202' title='bbox 728 2844 751 2851; x_wconf 94' lang='lat'>—</span> <span class='ocrx_word' id='word_1_203' title='bbox 781 2811 876 2863; x_wconf 73' lang='lat' dir='ltr'>Festus</span> <span class='ocrx_word' id='word_1_204' title='bbox 890 2828 920 2878; x_wconf 79' lang='lat' dir='ltr'>p.</span> <span class='ocrx_word' id='word_1_205' title='bbox 937 2813 983 2861; x_wconf 87' lang='lat'>161</span> <span class='ocrx_word' id='word_1_206' title='bbox 1005 2810 1069 2862; x_wconf 72' lang='lat' dir='ltr'>laec</span> <span class='ocrx_word' id='word_1_207' title='bbox 1087 2811 1181 2879; x_wconf 80' lang='lat' dir='ltr'>affert.-</span> <span class='ocrx_word' id='word_1_208' title='bbox 1205 2810 1270 2863; x_wconf 91' lang='lat' dir='ltr'>huic</span> <span class='ocrx_word' id='word_1_209' title='bbox 1287 2811 1335 2862; x_wconf 89' lang='lat' dir='ltr'>ho-</span> 
     </span>
     <span class='ocr_line' id='line_1_19' title="bbox 129 2897 1291 2966; baseline 0 -18"><span class='ocrx_word' id='word_1_210' title='bbox 129 2898 197 2949; x_wconf 84' lang='lat' dir='ltr'>mini</span> <span class='ocrx_word' id='word_1_211' title='bbox 216 2898 319 2949; x_wconf 84' lang='lat' dir='ltr'>amanti</span> <span class='ocrx_word' id='word_1_212' title='bbox 337 2914 399 2949; x_wconf 84' lang='lat' dir='ltr'>mea</span> <span class='ocrx_word' id='word_1_213' title='bbox 417 2898 483 2949; x_wconf 85' lang='lat' dir='ltr'>hera</span> <span class='ocrx_word' id='word_1_214' title='bbox 501 2899 573 2950; x_wconf 85' lang='lat' dir='ltr'>dixit</span> <span class='ocrx_word' id='word_1_215' title='bbox 591 2900 665 2953; x_wconf 85' lang='lat' dir='ltr'>domi</span> <span class='ocrx_word' id='word_1_216' title='bbox 684 2903 711 2951; x_wconf 85' lang='lat' dir='ltr'>et</span> <span class='ocrx_word' id='word_1_217' title='bbox 730 2899 804 2966; x_wconf 85' lang='lat' dir='ltr'>apud</span> <span class='ocrx_word' id='word_1_218' title='bbox 823 2915 872 2950; x_wconf 81' lang='lat' dir='ltr'>nos</span> <span class='ocrx_word' id='word_1_219' title='bbox 891 2898 924 2949; x_wconf 86' lang='lat' dir='ltr'>de</span> <span class='ocrx_word' id='word_1_220' title='bbox 944 2897 1024 2948; x_wconf 90' lang='lat' dir='ltr'>bouis</span> <span class='ocrx_word' id='word_1_221' title='bbox 1045 2899 1155 2949; x_wconf 85' lang='lat' dir='ltr'>neniam</span> <span class='ocrx_word' id='word_1_222' title='bbox 1172 2900 1239 2950; x_wconf 83' lang='lat' dir='ltr'>estc.</span> <span class='ocrx_word' id='word_1_223' title='bbox 1257 2926 1291 2934; x_wconf 92' lang='lat'><em>-</em></span> 
     </span>
    </p>
   </div>
   <div class='ocr_carea' id='block_1_5' title="bbox 62 3052 1436 4438">
    <p class='ocr_par' dir='ltr' id='par_1_5' title="bbox 62 3052 1436 4438">
     <span class='ocr_line' id='line_1_20' title="bbox 165 3052 1335 3140; baseline 0.001 -19"><span class='ocrx_word' id='word_1_224' title='bbox 165 3052 243 3137; x_wconf 80' lang='lat'><em>11,‘1,</em></span> <span class='ocrx_word' id='word_1_225' title='bbox 265 3070 287 3121; x_wconf 87' lang='lat'>1.</span> <span class='ocrx_word' id='word_1_226' title='bbox 323 3069 437 3120; x_wconf 70' lang='lat' dir='ltr'>iactate.</span> <span class='ocrx_word' id='word_1_227' title='bbox 475 3071 572 3123; x_wconf 80' lang='lat' dir='ltr'>Pseud.</span> <span class='ocrx_word' id='word_1_228' title='bbox 597 3072 643 3140; x_wconf 86' lang='lat' dir='ltr'>IV,</span> <span class='ocrx_word' id='word_1_229' title='bbox 658 3072 714 3137; x_wconf 80' lang='lat'>5,1</span> <span class='ocrx_word' id='word_1_230' title='bbox 746 3069 806 3138; x_wconf 83' lang='lat' dir='ltr'>Ego</span> <span class='ocrx_word' id='word_1_231' title='bbox 824 3069 964 3120; x_wconf 79' lang='lat' dir='ltr'>senarium</span> <span class='ocrx_word' id='word_1_232' title='bbox 983 3067 1043 3120; x_wconf 85' lang='lat' dir='ltr'>feci.</span> <span class='ocrx_word' id='word_1_233' title='bbox 1079 3072 1143 3137; x_wconf 76' lang='lat' dir='ltr'>quia</span> <span class='ocrx_word' id='word_1_234' title='bbox 1162 3069 1233 3121; x_wconf 78' lang='lat' dir='ltr'>intro</span> <span class='ocrx_word' id='word_1_235' title='bbox 1251 3069 1335 3122; x_wconf 80' lang='lat' dir='ltr'>licere</span> 
     </span>
     <span class='ocr_line' id='line_1_21' title="bbox 130 3155 1334 3226; baseline 0.001 -20"><span class='ocrx_word' id='word_1_236' title='bbox 130 3156 159 3206; x_wconf 90' lang='lat' dir='ltr'>in</span> <span class='ocrx_word' id='word_1_237' title='bbox 182 3157 207 3208; x_wconf 90' lang='lat' dir='ltr'><em>A</em></span> <span class='ocrx_word' id='word_1_238' title='bbox 231 3156 374 3225; x_wconf 82' lang='lat' dir='ltr'>leguntur:</span> <span class='ocrx_word' id='word_1_239' title='bbox 408 3156 496 3208; x_wconf 71' lang='lat' dir='ltr'>lutari</span> <span class='ocrx_word' id='word_1_240' title='bbox 517 3175 588 3208; x_wconf 75' lang='lat' dir='ltr'>nurrc</span> <span class='ocrx_word' id='word_1_241' title='bbox 613 3159 716 3209; x_wconf 70' lang='lat' dir='ltr'>decimu</span> <span class='ocrx_word' id='word_1_242' title='bbox 747 3160 856 3210; x_wconf 83' lang='lat' dir='ltr'>constat</span> <span class='ocrx_word' id='word_1_243' title='bbox 874 3173 1040 3224; x_wconf 82' lang='lat' dir='ltr'>quamquam</span> <span class='ocrx_word' id='word_1_244' title='bbox 1058 3157 1142 3209; x_wconf 82' lang='lat' dir='ltr'>etiam</span> <span class='ocrx_word' id='word_1_245' title='bbox 1165 3173 1244 3226; x_wconf 80' lang='lat' dir='ltr'>quom</span> <span class='ocrx_word' id='word_1_246' title='bbox 1263 3155 1334 3208; x_wconf 78' lang='lat' dir='ltr'>intro</span> 
     </span>
     <span class='ocr_line' id='line_1_22' title="bbox 62 3242 1332 3320; baseline 0.001 -27"><span class='ocrx_word' id='word_1_247' title='bbox 62 3309 69 3320; x_wconf 87' lang='lat'><strong>.</strong></span> <span class='ocrx_word' id='word_1_248' title='bbox 131 3242 201 3293; x_wconf 76' lang='lat' dir='ltr'>milii</span> <span class='ocrx_word' id='word_1_249' title='bbox 216 3242 322 3294; x_wconf 69' lang='lat' dir='ltr'>unimur</span> <span class='ocrx_word' id='word_1_250' title='bbox 341 3242 368 3294; x_wconf 77' lang='lat' dir='ltr'>in</span> <span class='ocrx_word' id='word_1_251' title='bbox 388 3245 443 3294; x_wconf 76' lang='lat' dir='ltr'>tuto&#39;</span> <span class='ocrx_word' id='word_1_252' title='bbox 463 3245 556 3309; x_wconf 81' lang='lat' dir='ltr'>locust,</span> <span class='ocrx_word' id='word_1_253' title='bbox 580 3246 628 3297; x_wconf 90' lang='lat' dir='ltr'>ubi</span> <span class='ocrx_word' id='word_1_254' title='bbox 650 3245 718 3296; x_wconf 71' lang='lat' dir='ltr'>rare</span> <span class='ocrx_word' id='word_1_255' title='bbox 747 3245 867 3297; x_wconf 86' lang='lat' dir='ltr'>scribere</span> <span class='ocrx_word' id='word_1_256' title='bbox 885 3245 980 3312; x_wconf 66' lang='lat' dir='ltr'>possis,</span> <span class='ocrx_word' id='word_1_257' title='bbox 1007 3274 1033 3282; x_wconf 92' lang='lat'>-</span> <span class='ocrx_word' id='word_1_258' title='bbox 1057 3243 1145 3295; x_wconf 80' lang='lat' dir='ltr'>odium</span> <span class='ocrx_word' id='word_1_259' title='bbox 1165 3261 1250 3295; x_wconf 80' lang='lat' dir='ltr'>meum</span> <span class='ocrx_word' id='word_1_260' title='bbox 1268 3242 1332 3295; x_wconf 84' lang='lat' dir='ltr'>infr.</span> 
     </span>
     <span class='ocr_line' id='line_1_23' title="bbox 130 3329 1333 3400; baseline 0.001 -19"><span class='ocrx_word' id='word_1_261' title='bbox 130 3329 208 3383; x_wconf 83' lang='lat' dir='ltr'>BCD.</span> <span class='ocrx_word' id='word_1_262' title='bbox 244 3330 338 3397; x_wconf 82' lang='lat' dir='ltr'>Neque</span> <span class='ocrx_word' id='word_1_263' title='bbox 350 3348 416 3383; x_wconf 91' lang='lat' dir='ltr'>uero</span> <span class='ocrx_word' id='word_1_264' title='bbox 429 3330 515 3382; x_wconf 76' lang='lat' dir='ltr'>latae</span> <span class='ocrx_word' id='word_1_265' title='bbox 527 3333 718 3399; x_wconf 86' lang='lat' dir='ltr'>recipiendum</span> <span class='ocrx_word' id='word_1_266' title='bbox 746 3333 781 3400; x_wconf 93' lang='lat' dir='ltr'>ll,</span> <span class='ocrx_word' id='word_1_267' title='bbox 795 3335 819 3400; x_wconf 82' lang='grc'>2,</span> <span class='ocrx_word' id='word_1_268' title='bbox 833 3335 882 3398; x_wconf 81' lang='lat'>653</span> <span class='ocrx_word' id='word_1_269' title='bbox 901 3332 982 3385; x_wconf 88' lang='lat' dir='ltr'>Pcen.</span> <span class='ocrx_word' id='word_1_270' title='bbox 1002 3331 1022 3397; x_wconf 95' lang='grc' dir='ltr'>Ι,</span> <span class='ocrx_word' id='word_1_271' title='bbox 1043 3333 1067 3398; x_wconf 85' lang='grc'>2,</span> <span class='ocrx_word' id='word_1_272' title='bbox 1089 3333 1152 3384; x_wconf 82' lang='grc'>139;</span> <span class='ocrx_word' id='word_1_273' title='bbox 1172 3348 1230 3382; x_wconf 86' lang='lat' dir='ltr'>erre</span> <span class='ocrx_word' id='word_1_274' title='bbox 1244 3329 1333 3382; x_wconf 80' lang='lat' dir='ltr'>odium</span> 
     </span>
     <span class='ocr_line' id='line_1_24' title="bbox 131 3405 1335 3485; baseline 0.003 -18"><span class='ocrx_word' id='word_1_275' title='bbox 131 3416 241 3468; x_wconf 86' lang='lat' dir='ltr'>uidetur</span> <span class='ocrx_word' id='word_1_276' title='bbox 263 3418 312 3469; x_wconf 81' lang='lat' dir='ltr'>eed</span> <span class='ocrx_word' id='word_1_277' title='bbox 330 3405 428 3470; x_wconf 76' lang='lat' dir='ltr'>Pseud.</span> <span class='ocrx_word' id='word_1_278' title='bbox 447 3419 539 3485; x_wconf 85' lang='lat' dir='ltr'>potius</span> <span class='ocrx_word' id='word_1_279' title='bbox 563 3437 646 3471; x_wconf 81' lang='lat' dir='ltr'>uersu</span> <span class='ocrx_word' id='word_1_280' title='bbox 669 3420 716 3470; x_wconf 81' lang='lat' dir='ltr'>la·</span> <span class='ocrx_word' id='word_1_281' title='bbox 747 3436 843 3469; x_wconf 76' lang='lat' dir='ltr'>rreum.</span> <span class='ocrx_word' id='word_1_282' title='bbox 878 3449 909 3458; x_wconf 88' lang='lat'>—</span> <span class='ocrx_word' id='word_1_283' title='bbox 948 3419 1075 3470; x_wconf 87' lang='lat' dir='ltr'>Ceterum</span> <span class='ocrx_word' id='word_1_284' title='bbox 1097 3419 1191 3485; x_wconf 88' lang='lat' dir='ltr'>inepte</span> <span class='ocrx_word' id='word_1_285' title='bbox 1221 3418 1256 3470; x_wconf 80' lang='lat' dir='ltr'>ab</span> <span class='ocrx_word' id='word_1_286' title='bbox 1282 3419 1335 3471; x_wconf 84' lang='lat' dir='ltr'>hoo</span> 
     </span>
     <span class='ocr_line' id='line_1_25' title="bbox 132 3503 1334 3574; baseline 0.001 -20"><span class='ocrx_word' id='word_1_287' title='bbox 132 3503 200 3555; x_wconf 79' lang='lat' dir='ltr'>tale</span> <span class='ocrx_word' id='word_1_288' title='bbox 218 3506 412 3573; x_wconf 85' lang='lat' dir='ltr'>corrigendum</span> <span class='ocrx_word' id='word_1_289' title='bbox 431 3506 495 3572; x_wconf 84' lang='lat' dir='ltr'>quia</span> <span class='ocrx_word' id='word_1_290' title='bbox 515 3510 543 3557; x_wconf 87' lang='lat' dir='ltr'>et</span> <span class='ocrx_word' id='word_1_291' title='bbox 559 3507 657 3559; x_wconf 84' lang='lat' dir='ltr'>Pseud.</span> <span class='ocrx_word' id='word_1_292' title='bbox 670 3508 716 3574; x_wconf 79' lang='grc' dir='ltr'>ΙΙΙ,</span> <span class='ocrx_word' id='word_1_293' title='bbox 746 3523 827 3559; x_wconf 85' lang='lat' dir='ltr'>uersu</span> <span class='ocrx_word' id='word_1_294' title='bbox 857 3506 977 3558; x_wconf 75' lang='lat' dir='ltr'><strong>editores</strong></span> <span class='ocrx_word' id='word_1_295' title='bbox 1005 3511 1098 3557; x_wconf 84' lang='lat' dir='ltr'>actum</span> <span class='ocrx_word' id='word_1_296' title='bbox 1120 3506 1270 3558; x_wconf 84' lang='lat' dir='ltr'>secundum</span> <span class='ocrx_word' id='word_1_297' title='bbox 1294 3505 1334 3555; x_wconf 90' lang='lat' dir='ltr'>iu-</span> 
     </span>
     <span class='ocr_line' id='line_1_26' title="bbox 133 3592 1120 3660; baseline 0.004 -20"><span class='ocrx_word' id='word_1_298' title='bbox 133 3593 156 3658; x_wconf 85' lang='lat'>1,</span> <span class='ocrx_word' id='word_1_299' title='bbox 175 3593 208 3644; x_wconf 88' lang='lat'>36</span> <span class='ocrx_word' id='word_1_300' title='bbox 228 3597 256 3645; x_wconf 85' lang='lat' dir='ltr'>et</span> <span class='ocrx_word' id='word_1_301' title='bbox 273 3593 354 3646; x_wconf 88' lang='lat' dir='ltr'>Poen.</span> <span class='ocrx_word' id='word_1_302' title='bbox 373 3593 420 3660; x_wconf 88' lang='grc' dir='ltr'>ΙΙΙ,</span> <span class='ocrx_word' id='word_1_303' title='bbox 442 3594 466 3660; x_wconf 83' lang='grc'>5,</span> <span class='ocrx_word' id='word_1_304' title='bbox 487 3595 519 3643; x_wconf 82' lang='lat'>23</span> <span class='ocrx_word' id='word_1_305' title='bbox 539 3593 643 3644; x_wconf 74' lang='lat' dir='ltr'>taleale</span> <span class='ocrx_word' id='word_1_306' title='bbox 661 3597 716 3645; x_wconf 85' lang='lat' dir='ltr'>tra·</span> <span class='ocrx_word' id='word_1_307' title='bbox 748 3594 852 3660; x_wconf 79' lang='lat' dir='ltr'>cepisse</span> <span class='ocrx_word' id='word_1_308' title='bbox 871 3592 986 3644; x_wconf 82' lang='lat' dir='ltr'>Bothius</span> <span class='ocrx_word' id='word_1_309' title='bbox 1005 3592 1120 3644; x_wconf 83' lang='lat' dir='ltr'>monuit.</span> 
     </span>
     <span class='ocr_line' id='line_1_27' title="bbox 134 3677 1332 3750; baseline -0.003 -19"><span class='ocrx_word' id='word_1_310' title='bbox 134 3678 223 3731; x_wconf 87' lang='lat' dir='ltr'>ditum</span> <span class='ocrx_word' id='word_1_311' title='bbox 248 3682 290 3732; x_wconf 85' lang='lat' dir='ltr'>est</span> <span class='ocrx_word' id='word_1_312' title='bbox 320 3683 349 3731; x_wconf 87' lang='lat' dir='ltr'>et</span> <span class='ocrx_word' id='word_1_313' title='bbox 376 3695 408 3730; x_wconf 79' lang='lat' dir='ltr'>ec</span> <span class='ocrx_word' id='word_1_314' title='bbox 433 3680 491 3731; x_wconf 82' lang='lat' dir='ltr'>sola</span> <span class='ocrx_word' id='word_1_315' title='bbox 515 3678 603 3732; x_wconf 83' lang='lat' dir='ltr'>forma</span> <span class='ocrx_word' id='word_1_316' title='bbox 627 3681 717 3732; x_wconf 89' lang='lat' dir='ltr'>utitur</span> <span class='ocrx_word' id='word_1_317' title='bbox 784 3682 808 3731; x_wconf 83' lang='lat'>2.</span> <span class='ocrx_word' id='word_1_318' title='bbox 827 3681 852 3730; x_wconf 86' lang='grc'>3.</span> <span class='ocrx_word' id='word_1_319' title='bbox 888 3679 1022 3731; x_wconf 84' lang='lat' dir='ltr'>Numeros</span> <span class='ocrx_word' id='word_1_320' title='bbox 1040 3678 1203 3731; x_wconf 77' lang='lat' dir='ltr'>bacchiecos</span> <span class='ocrx_word' id='word_1_321' title='bbox 1227 3677 1332 3750; x_wconf 86' lang='lat' dir='ltr'>primus</span> 
     </span>
     <span class='ocr_line' id='line_1_28' title="bbox 132 3765 1332 3833; baseline -0.001 -15"><span class='ocrx_word' id='word_1_322' title='bbox 132 3765 285 3818; x_wconf 78' lang='lat' dir='ltr'>Terentius.</span> <span class='ocrx_word' id='word_1_323' title='bbox 310 3798 343 3806; x_wconf 91' lang='lat'><em>-</em></span> <span class='ocrx_word' id='word_1_324' title='bbox 381 3767 412 3818; x_wconf 91' lang='lat' dir='ltr'>ln</span> <span class='ocrx_word' id='word_1_325' title='bbox 431 3768 455 3819; x_wconf 82' lang='lat' dir='ltr'><em>A</em></span> <span class='ocrx_word' id='word_1_326' title='bbox 474 3766 542 3817; x_wconf 82' lang='lat' dir='ltr'>lale</span> <span class='ocrx_word' id='word_1_327' title='bbox 560 3785 587 3820; x_wconf 90' lang='lat' dir='ltr'>u.</span> <span class='ocrx_word' id='word_1_328' title='bbox 603 3769 653 3820; x_wconf 87' lang='grc'>106</span> <span class='ocrx_word' id='word_1_329' title='bbox 672 3767 718 3819; x_wconf 85' lang='lat' dir='ltr'>ad·</span> <span class='ocrx_word' id='word_1_330' title='bbox 747 3766 884 3818; x_wconf 68' lang='lat' dir='ltr'>intellexit</span> <span class='ocrx_word' id='word_1_331' title='bbox 903 3765 1066 3833; x_wconf 84' lang='lat' dir='ltr'>Geppertus.</span> <span class='ocrx_word' id='word_1_332' title='bbox 1100 3766 1154 3818; x_wconf 85' lang='lat' dir='ltr'>Sed</span> <span class='ocrx_word' id='word_1_333' title='bbox 1176 3782 1232 3817; x_wconf 89' lang='lat' dir='ltr'>non</span> <span class='ocrx_word' id='word_1_334' title='bbox 1251 3765 1332 3817; x_wconf 89' lang='lat' dir='ltr'>debe·</span> 
     </span>
     <span class='ocr_line' id='line_1_29' title="bbox 131 3851 1333 3922; baseline -0.002 -17"><span class='ocrx_word' id='word_1_335' title='bbox 131 3852 228 3905; x_wconf 79' lang='lat' dir='ltr'>haeret</span> <span class='ocrx_word' id='word_1_336' title='bbox 252 3857 333 3921; x_wconf 79' lang='lat' dir='ltr'>atque</span> <span class='ocrx_word' id='word_1_337' title='bbox 358 3852 479 3922; x_wconf 82' lang='lat' dir='ltr'>requieui</span> <span class='ocrx_word' id='word_1_338' title='bbox 503 3857 531 3905; x_wconf 88' lang='lat' dir='ltr'>et</span> <span class='ocrx_word' id='word_1_339' title='bbox 558 3853 620 3922; x_wconf 75' lang='lat' dir='ltr'>quia</span> <span class='ocrx_word' id='word_1_340' title='bbox 645 3852 716 3905; x_wconf 83' lang='lat' dir='ltr'>intro</span> <span class='ocrx_word' id='word_1_341' title='bbox 747 3855 797 3906; x_wconf 83' lang='lat' dir='ltr'>bat</span> <span class='ocrx_word' id='word_1_342' title='bbox 814 3853 933 3905; x_wconf 80' lang='lat' dir='ltr'>traicere</span> <span class='ocrx_word' id='word_1_343' title='bbox 951 3870 1007 3904; x_wconf 81' lang='lat' dir='ltr'>meo</span> <span class='ocrx_word' id='word_1_344' title='bbox 1032 3851 1187 3921; x_wconf 74' lang='lat' dir='ltr'>[e]qridem.·</span> <span class='ocrx_word' id='word_1_345' title='bbox 1219 3852 1333 3905; x_wconf 82' lang='lat' dir='ltr'>eliditur</span> 
     </span>
     <span class='ocr_line' id='line_1_30' title="bbox 132 3938 984 4009; baseline 0.001 -19"><span class='ocrx_word' id='word_1_346' title='bbox 132 3938 200 3992; x_wconf 70' lang='lat' dir='ltr'>abiit</span> <span class='ocrx_word' id='word_1_347' title='bbox 217 3939 306 3992; x_wconf 78' lang='lat' dir='ltr'>odium</span> <span class='ocrx_word' id='word_1_348' title='bbox 325 3958 412 3992; x_wconf 66' lang='lat' dir='ltr'>cneum</span> <span class='ocrx_word' id='word_1_349' title='bbox 431 3941 552 4009; x_wconf 80' lang='lat' dir='ltr'>singulos</span> <span class='ocrx_word' id='word_1_350' title='bbox 565 3958 661 3994; x_wconf 80' lang='lat' dir='ltr'>uersus</span> <span class='ocrx_word' id='word_1_351' title='bbox 674 3958 718 3994; x_wconf 89' lang='lat' dir='ltr'>oc·</span> <span class='ocrx_word' id='word_1_352' title='bbox 746 3958 804 3992; x_wconf 86' lang='lat' dir='ltr'>meo</span> <span class='ocrx_word' id='word_1_353' title='bbox 824 3945 856 3991; x_wconf 88' lang='lat' dir='ltr'>ut</span> <span class='ocrx_word' id='word_1_354' title='bbox 873 3941 984 4006; x_wconf 75' lang='lat' dir='ltr'>passim.</span> 
     </span>
     <span class='ocr_line' id='line_1_31' title="bbox 133 4026 1331 4094; baseline -0.003 -15"><span class='ocrx_word' id='word_1_355' title='bbox 133 4032 251 4094; x_wconf 83' lang='lat' dir='ltr'>cupant,</span> <span class='ocrx_word' id='word_1_356' title='bbox 282 4029 355 4080; x_wconf 89' lang='lat' dir='ltr'>unde</span> <span class='ocrx_word' id='word_1_357' title='bbox 384 4028 433 4079; x_wconf 80' lang='lat' dir='ltr'>hos</span> <span class='ocrx_word' id='word_1_358' title='bbox 466 4045 593 4080; x_wconf 83' lang='lat' dir='ltr'>numerus</span> <span class='ocrx_word' id='word_1_359' title='bbox 625 4031 718 4082; x_wconf 82' lang='lat' dir='ltr'>tuetur</span> <span class='ocrx_word' id='word_1_360' title='bbox 782 4030 807 4080; x_wconf 83' lang='lat'>4.</span> <span class='ocrx_word' id='word_1_361' title='bbox 842 4028 904 4079; x_wconf 89' lang='lat' dir='ltr'>Non</span> <span class='ocrx_word' id='word_1_362' title='bbox 922 4029 1014 4093; x_wconf 86' lang='lat' dir='ltr'>potest</span> <span class='ocrx_word' id='word_1_363' title='bbox 1032 4026 1198 4093; x_wconf 79' lang='lat' dir='ltr'>bieyllabum</span> <span class='ocrx_word' id='word_1_364' title='bbox 1212 4041 1270 4078; x_wconf 86' lang='lat' dir='ltr'>esse</span> <span class='ocrx_word' id='word_1_365' title='bbox 1289 4042 1331 4076; x_wconf 81' lang='lat' dir='ltr'>ne·</span> 
     </span>
     <span class='ocr_line' id='line_1_32' title="bbox 133 4112 1333 4180; baseline -0.001 -14"><span class='ocrx_word' id='word_1_366' title='bbox 133 4113 224 4168; x_wconf 72' lang='lat' dir='ltr'>stuc:</span> <span class='ocrx_word' id='word_1_367' title='bbox 748 4114 832 4167; x_wconf 78' lang='lat' dir='ltr'>niam.</span> <span class='ocrx_word' id='word_1_368' title='bbox 869 4114 932 4168; x_wconf 90' lang='lat' dir='ltr'>Vid.</span> <span class='ocrx_word' id='word_1_369' title='bbox 951 4113 1006 4166; x_wconf 83' lang='lat' dir='ltr'>Rit.</span> <span class='ocrx_word' id='word_1_370' title='bbox 1026 4113 1099 4167; x_wconf 89' lang='lat' dir='ltr'>Prcl.</span> <span class='ocrx_word' id='word_1_371' title='bbox 1125 4130 1151 4180; x_wconf 87' lang='lat' dir='ltr'>p.</span> <span class='ocrx_word' id='word_1_372' title='bbox 1172 4114 1230 4167; x_wconf 82' lang='lat'><strong>160.</strong></span> <span class='ocrx_word' id='word_1_373' title='bbox 1268 4112 1333 4165; x_wconf 79' lang='lat' dir='ltr'>Tra·</span> 
     </span>
     <span class='ocr_line' id='line_1_33' title="bbox 314 4197 1436 4269; baseline -0.001 -17"><span class='ocrx_word' id='word_1_374' title='bbox 314 4201 402 4253; x_wconf 78' lang='lat' dir='ltr'>hahae</span> <span class='ocrx_word' id='word_1_375' title='bbox 420 4201 543 4269; x_wconf 75' lang='lat' dir='ltr'>requicui</span> <span class='ocrx_word' id='word_1_376' title='bbox 748 4202 814 4254; x_wconf 84' lang='lat' dir='ltr'>iecit</span> <span class='ocrx_word' id='word_1_377' title='bbox 837 4200 937 4268; x_wconf 92' lang='lat' dir='ltr'>Gepp.:</span> <span class='ocrx_word' id='word_1_378' title='bbox 969 4199 1075 4251; x_wconf 72' lang='lat' dir='ltr'>neniam</span> <span class='ocrx_word' id='word_1_379' title='bbox 1100 4197 1173 4266; x_wconf 81' lang='lat' dir='ltr'>apud</span> <span class='ocrx_word' id='word_1_380' title='bbox 1194 4216 1241 4250; x_wconf 74' lang='lat' dir='ltr'>noc</span> <span class='ocrx_word' id='word_1_381' title='bbox 1266 4199 1334 4251; x_wconf 63' lang='lat' dir='ltr'>derit</span> <span class='ocrx_word' id='word_1_382' title='bbox 1361 4255 1364 4260; x_wconf 91' lang='lat'><em>.</em></span> <span class='ocrx_word' id='word_1_383' title='bbox 1433 4246 1436 4251; x_wconf 87' lang='lat'><em>.</em></span> 
     </span>
     <span class='ocr_line' id='line_1_34' title="bbox 185 4286 879 4354; baseline -0.003 -14"><span class='ocrx_word' id='word_1_384' title='bbox 185 4288 255 4354; x_wconf 78' lang='lat' dir='ltr'>Quia</span> <span class='ocrx_word' id='word_1_385' title='bbox 272 4288 346 4341; x_wconf 82' lang='lat' dir='ltr'>iutro</span> <span class='ocrx_word' id='word_1_386' title='bbox 365 4290 435 4342; x_wconf 81' lang='lat' dir='ltr'>abiit</span> <span class='ocrx_word' id='word_1_387' title='bbox 452 4289 546 4342; x_wconf 79' lang='lat' dir='ltr'>odium</span> <span class='ocrx_word' id='word_1_388' title='bbox 564 4305 663 4341; x_wconf 88' lang='lat' dir='ltr'>meum.</span> <span class='ocrx_word' id='word_1_389' title='bbox 748 4289 779 4339; x_wconf 84' lang='lat' dir='ltr'>de</span> <span class='ocrx_word' id='word_1_390' title='bbox 797 4286 879 4340; x_wconf 66' lang='lat' dir='ltr'>bonai.</span> 
     </span>
     <span class='ocr_line' id='line_1_35' title="bbox 1073 4389 1105 4438; baseline 0 -17"><span class='ocrx_word' id='word_1_391' title='bbox 1073 4389 1105 4438; x_wconf 72' lang='lat'>3*</span> 
     </span>
    </p>
   </div>
   <div class='ocr_carea' id='block_1_6' title="bbox 0 0 1491 4852">
    <p class='ocr_par' dir='ltr' id='par_1_6' title="bbox 0 0 1491 4852">
     <span class='ocr_line' id='line_1_36' title="bbox 0 0 1491 4852; baseline 0 0"><span class='ocrx_word' id='word_1_392' title='bbox 0 0 1491 4852; x_wconf 95' lang='lat' dir='ltr'> </span> 
     </span>
    </p>
   </div>
  </div>
 </body>
</html>
