2956 4852
200 1186 436 1280 Guilelmus
466 1185 733 1279 Studemund
764 1186 962 1280 Andreae
991 1185 1180 1311 Spengel
1209 1186 1248 1284 S.

210 1477 352 1557 „Novam
375 1475 562 1539 Truculenti
584 1476 753 1541 Plautinae
783 1477 957 1541 editionem
984 1478 1115 1559 paranti
1138 1477 1208 1542 Tibi
1237 1483 1323 1561 post-

124 1600 221 1662 quam
243 1579 397 1642 librorum
421 1579 612 1660 scriptorum
636 1600 714 1660 quos
735 1579 855 1642 contuli
872 1579 1013 1642 omnium
1029 1580 1182 1643 lectiones
1197 1579 1323 1657 Tecum,

125 1681 182 1744 Vir
203 1680 332 1757 Amice,
369 1681 622 1759 communicaui,
660 1686 804 1762 superest
832 1686 869 1744 ut
898 1681 994 1763 paulo
1021 1680 1123 1743 fusius
1146 1681 1184 1744 de
1208 1682 1325 1744 codicis

123 1782 323 1870 palimpsesti
352 1781 554 1845 Ambrosiani
582 1782 726 1864 reliquiis
757 1783 922 1845 disseram.
981 1781 1209 1864 Apographum
1240 1783 1325 1846 enim

124 1883 219 1946 huius
240 1884 330 1961 libri,
368 1904 430 1965 quo
459 1884 492 1946 in
516 1883 711 1948 conficiendo
734 1890 767 1947 et
788 1885 873 1967 typis
894 1885 1050 1948 tradendo
1073 1886 1244 1947 nunciam
1267 1905 1325 1966 per

123 1986 298 2048 triennium
320 1986 428 2048 oculos
449 1990 481 2047 et
503 1991 640 2048 mentem
663 1985 818 2066 defatigo‚
846 1991 977 2068 propter
1000 1984 1162 2048 infirmam
1184 1987 1325 2069 corporis

124 2087 187 2148 mei
208 2086 425 2149 ualetudinem
449 2087 567 2150 lentius
589 2087 819 2169 progreditur,’
832 2092 865 2150 et
887 2088 914 2150 si
936 2108 1001 2150 non
1024 2108 1144 2150 nonum
1166 2089 1268 2170 premi
1290 2089 1323 2151 in

124 2208 244 2250 annum
273 2192 381 2251 tamen
417 2187 475 2252 sub
503 2188 597 2251 lustri
621 2189 748 2252 demum
770 2187 867 2250 finem
890 2209 910 2250 a
931 2189 1061 2251 criticae
1084 2190 1163 2252 artis
1186 2189 1324 2252 censori-

124 2290 185 2352 bus
207 2290 329 2353 censeri
351 2289 435 2353 uelle
458 2289 536 2352 mihi
558 2291 696 2354 uidetur.
740 2289 851 2371 Neque
874 2310 951 2352 uero
974 2310 1049 2370 ego,
1071 2295 1108 2353 ut
1130 2289 1206 2354 olim
1228 2296 1325 2372 poeta

124 2392 262 2455 comicus
284 2397 317 2454 et
338 2413 440 2474 nuper
461 2392 509 2455 Tu
531 2391 660 2470 fecistis,
684 2391 725 2454 ad
749 2391 913 2473 exemplar
935 2391 1034 2455 Siculi
1056 2411 1227 2473 properare
1251 2392 1325 2473 Epi-

124 2493 247 2556 charmi
270 2493 376 2556 didici.
421 2493 535 2575 Itaque
557 2515 597 2556 ne
619 2493 830 2557 Truculentus
851 2493 1001 2556 Plautina
1022 2494 1158 2570 iaceret,
1188 2493 1264 2555 dum
1286 2512 1325 2555 ea

124 2615 222 2677 quam
244 2595 311 2676 ipse
332 2615 411 2676 paro
434 2595 531 2659 editio
554 2596 595 2659 ad
618 2595 701 2658 hano
723 2594 867 2658 fabulam
888 2615 988 2677 usque
1010 2595 1203 2677 perueniret,
1225 2594 1325 2658 libro·

124 2717 195 2758 rum
230 2696 431 2760 Ambrosiani
461 2697 523 2775 (A)
553 2695 692 2759 Palatini
722 2701 778 2778 (B)
807 2697 972 2761 Vrsiniani
995 2699 1053 2775 (D)
1083 2695 1234 2759 lectiones
1254 2695 1325 2760 Tibi

124 2797 330 2862 Monachium
353 2818 389 2861 eo
413 2797 563 2859 libentius
586 2799 758 2876 transmisi,
782 2799 857 2879 quia
879 2798 1013 2862 feliciori
1036 2797 1140 2859 Marte
1163 2817 1257 2878 quam
1281 2797 1325 2861 Te

125 2899 285 2962 neminem
308 2919 347 2962 ea
369 2919 451 2980 quae
473 2899 582 2961 sanari
603 2905 737 2982 possunt
759 2904 949 2962 sanaturum
969 2919 1037 2961 esse
1053 2898 1207 2976 sciebam;
1230 2898 1326 2962 simul

124 3001 286 3064 amicitiae
308 3005 437 3064 nostrae
460 3001 531 3063 uoci
554 3000 774 3084 obtemperare
797 2999 902 3073 uolui:
926 3006 963 3062 ut
978 3000 1063 3063 enim
1079 2999 1240 3063 Ciceronis
1256 3021 1326 3063 uer·

124 3103 166 3166 ba
189 3123 261 3166 mea
284 3101 419 3180 faciam,
453 3122 605 3184 magnum
627 3104 724 3166 etiam
748 3102 931 3181 uinculum,
964 3102 1048 3183 quod
1070 3102 1189 3165 eisdem
1212 3102 1326 3166 studiis

125 3225 249 3286 semper
271 3205 321 3267 usi
343 3225 461 3267 sumus.
507 3204 624 3268 Addidi
647 3211 755 3267 autem
778 3205 977 3268 coniecturas
992 3224 1079 3266 meas
1094 3224 1213 3281 omnes,
1236 3224 1324 3286 quas,

125 3304 201 3368 dum
226 3305 410 3368 Truculenti
432 3305 531 3370 libros
552 3307 585 3368 in
609 3306 816 3370 tenebricosis
837 3305 1039 3370 bibliothecis
1059 3305 1235 3387 perlustro¹
1272 3307 1327 3370 ad-

125 3412 332 3485 notaueram;
355 3428 395 3470 ex
417 3408 532 3488 quibus
555 3407 641 3489 quod
656 3407 704 3470 Tu
727 3429 781 3471 eas
804 3413 931 3471 tantum
954 3407 986 3469 in
1002 3406 1141 3471 editione
1158 3408 1227 3471 Tua
1243 3428 1327 3470 com-

125 3509 318 3586 memorasti‚
342 3509 457 3590 quibus
479 3509 633 3572 librorum
656 3510 766 3572 sordes
788 3514 874 3572 recte
897 3509 1012 3571 eluisse
1034 3507 1105 3570 Tibi
1127 3509 1270 3586 uidebar,
1294 3510 1326 3573 id

125 3615 310 3691 pergratum
333 3610 412 3672 mihi
435 3609 552 3688 fecisti3
582 3631 685 3692 neque
708 3611 793 3673 enim
816 3609 940 3672 fucatas
964 3614 997 3672 et
1018 3609 1185 3675 simulatas
1207 3610 1328 3674 lusiun·

126 3710 233 3789 cules,
268 3733 350 3793 quae
367 3720 424 3774 ‘me
446 3712 649 3794 imprudente
672 3717 704 3776 et
726 3712 828 3776 inuito
851 3712 1057 3788 exciderunt,
1095 3732 1115 3775 a
1143 3713 1273 3775 sinceris
1296 3717 1329 3776 et

125 3815 212 3876 ueris
235 3813 508 3877 emendationibus
532 3834 695 3878 secernere
723 3821 755 3878 et
782 3816 996 3878 internoscere
1018 3836 1075 3896 per
1097 3815 1250 3896 temporis
1272 3834 1328 3876 an·

126 3917 249 3996 gestias
272 3915 351 3977 mihi
374 3915 435 3997 ipsi
457 3915 565 3979 licuit:
603 3938 724 3999 paucae
747 3917 906 3980 mehercle
929 3921 1003 3979 sunt
1026 3917 1151 3998 copiae,
1187 3937 1225 3978 ex
1248 3936 1327 3997 pau-

125 4017 211 4099 peris
238 4017 321 4079 enim
351 4018 479 4097 tugurio
507 4019 712 4100 prodierunt3
750 4023 847 4099 atque
876 4018 960 4081 hano
988 4037 1092 4081 meam
1120 4015 1255 4096 opellam
1286 4018 1326 4081 ad

126 4119 297 4181 uniuersae
319 4120 449 4182 criticae
473 4121 640 4185 Plautinae
670 4120 868 4202 complexum
902 4121 993 4200 quasi
1014 4116 1124 4201 puncti
1147 4115 1250 4181 instar
1273 4118 1327 4182 ob-

125 4221 230 4283 tinere
260 4220 348 4286 haud
377 4222 493 4284 nescis.
539 4223 690 4287 Attamen
719 4223 778 4285 etsi
808 4221 848 4285 de
876 4219 1002 4303 prolixa
1027 4227 1059 4284 et
1087 4218 1163 4281 laxa
1185 4221 1329 4300 priorum
