2956 4852
168 308 209 372 32
712 330 826 372 ruam.
1129 309 1157 390 I,
1179 313 1208 391 2,
1231 313 1369 379 84490.

201 493 269 558 Asu
294 492 378 572 Quid
399 493 553 562 tandem?
574 498 607 561 te
628 513 729 561 unum
753 515 792 559 ex
814 492 962 559 dmnibus
984 498 1082 557 emat.

895 594 945 660 Di.
990 595 1079 680 Euge
1101 595 1192 662 fundi
1213 604 1246 663 et
1268 599 1369 683 aedis,

114 706 149 760 se
237 732 240 737 ·
294 698 355 764 Per
375 698 503 783 tompus
524 697 733 765 subuenislis:
757 697 813 764 sed
834 695 914 780 quid
935 697 993 779 ais,
1016 696 1228 782 Astaphium?

327 855 330 861 Δ
1077 800 1145 866 Ast.
1189 802 1273 881 Quid
1295 803 1368 869 uis?

293 900 392 966 Estne
413 901 501 969 intus
522 923 609 969 nunc
630 899 864 967 Phronesium?

702 1004 770 1071 Ast.
818 1003 998 1085 stolonis,
1022 1004 1080 1070 tibi
1103 1004 1231 1090 quidem
1254 1005 1367 1072 inlust.

200 1105 252 1171 Di.
297 1104 452 1174 Velitne?

409 1210 476 1275 Ast.
521 1208 624 1276 Immo
652 1207 766 1293 edepol
787 1206 903 1274 melius
924 1206 990 1273 iam
1011 1206 1081 1274 fore
1107 1199 1216 1294 spero,
1246 1213 1279 1272 tc
1311 1209 1367 1276 ubi

1191 1303 1323 1377 uidebit.

201 1411 252 1477 Di.
296 1411 366 1476 Hoc
381 1410 474 1477 ndbis
488 1410 605 1475 uitium
614 1410 847 1476 maxumumst:
871 1432 968 1494 quom
979 1411 1199 1478 amdmustum
1212 1414 1365 1498 perimus.

292 1512 327 1577 Si
348 1512 428 1578 illdd
451 1511 537 1598 quod
558 1511 697 1578 uelimus
720 1513 846 1594 dicitur,
869 1513 978 1598 palem
1000 1535 1097 1598 quom
1118 1516 1329 1598 mentiuntur,

112 1630 148 1683 90
294 1615 413 1681 Verum
436 1616 504 1680 esse
527 1613 634 1679 insciti
656 1615 822 1696 credimus,
845 1634 884 1680 ne
906 1637 959 1680 eus
980 1616 1183 1681 incendamus
1203 1616 1262 1682 ira.

164 1787 207 1840 84.
237 1785 309 1854 Quid
326 1786 439 1841 landem
451 1789 487 1857 A,
506 1787 571 1855 Quia
582 1787 695 1841 tandem
707 1790 740 1855 Β,
760 1787 940 1855 quidlandem
957 1789 984 1857 O,
1004 1788 1071 1858 quid
1089 1789 1173 1843 tande
1186 1790 1217 1842 D
1235 1820 1267 1832 ·—
1286 1791 1364 1846 Pare.

162 1878 230 1944 spol.
244 1877 309 1943 post
326 1876 440 1930 landem
457 1878 484 1927 A
504 1905 537 1916 -
554 1880 668 1929 teunum
686 1873 716 1925 D
741 1906 775 1917 -
801 1891 836 1928 ex
859 1876 985 1929 omnibus
1003 1875 1072 1944 BD,
1105 1877 1265 1930 exomnibus
1286 1877 1319 1946 O,
1352 1894 1367 1932 e

162 1961 318 2015 nominibus
338 1963 366 2014 A
386 1994 420 2004 -
439 1964 514 2015 amat
531 1961 618 2030 1301),
637 1962 715 2015 addis
732 1963 759 2014 A
779 1979 838 2015 essm
853 1979 925 2032 pars.
938 1967 1008 2033 spat.
1024 1962 1071 2015 sed
1087 1960 1194 2015 incertis
1211 1964 1250 2018 dd
1270 1962 1366 2016 litteris

162 2048 292 2118 —Euge
313 2048 363 2101 01)
388 2081 411 2088 -
433 2047 513 2101 fundi
530 2039 570 2115 A,
596 2047 682 2101 funde
700 2048 779 2101 BUD
797 2047 853 2101 uisi
870 2049 941 2118 quod
956 2048 1120 2120 Eugefunde
1138 2049 1168 2101 D
1196 2084 1215 2092 -
1240 2050 1316 2104 aedis
1337 2048 1365 2118 0,

163 2135 223 2217 edis
241 2134 278 2203 D,
299 2135 357 2188 edis
376 2138 410 2204 B,
429 2135 510 2188 aedas
528 2136 564 2188 A.
583 2167 617 2177 -
654 2137 697 2188 85.
728 2138 886 2204 perlempus
908 2134 957 2188 OD
976 2167 1009 2178 -
1028 2135 1194 2189 subuenistis
1213 2137 1248 2205 A,
1267 2137 1365 2190 subue-

163 2223 244 2274 nistis
262 2221 331 2276 mihi
349 2221 427 2283 1301)
446 2220 502 2275 us'si
518 2221 588 2292 quod
604 2221 773 2276 subbenistis
792 2225 818 2272 B
836 2253 868 2262 -
888 2223 1011 2290 quiduis
1031 2223 1123 2291 ACD,
1150 2222 1212 2290 quil
1229 2222 1270 2275 aiu
1287 2226 1313 2273 B
1331 2253 1366 2264 -

166 2308 292 2378 astaphis
312 2313 344 2379 B,
364 2308 530 2378 Astaphium
547 2308 578 2360 D
595 2313 619 2361 at
636 2327 696 2362 eum
712 2308 799 2379 spolio
814 2311 837 2364 0
852 2341 886 2349 -
905 2310 972 2378 quid
988 2310 1031 2363 uis
1043 2311 1079 2378 A,
1099 2311 1130 2361 ul
1147 2308 1214 2377 quid
1230 2308 1273 2362 uis
1286 2308 1366 2363 BOD

164 2413 231 2464 quoe
249 2396 332 2449 uerba
349 2395 379 2449 iu
398 2397 424 2449 B
443 2415 540 2449 uouluu
560 2415 666 2449 uersum
685 2402 828 2465 occsurum:
848 2396 876 2450 iu
897 2397 947 2451 01>
963 2394 1052 2449 uerbis
1070 2395 1234 2463 Astaphium
1249 2398 1282 2448 ut
1300 2397 1368 2464 quid

164 2484 206 2536 uis
224 2500 308 2536 ucusu
325 2501 418 2536 ucrssu
436 2483 570 2536 tribuitur.
591 2515 624 2524 -
661 2486 703 2537 86.
734 2471 837 2539 Estne
856 2484 921 2554 BD,
939 2484 1026 2537 Estne
1045 2483 1072 2554 0,
1091 2482 1188 2536 Estine
1206 2484 1234 2535 A
1253 2511 1285 2523 -
1303 2500 1366 2552 pro·

164 2569 272 2623 nesium
288 2570 351 2638 AB,
369 2571 528 2638 prunesium
548 2571 625 2640 cna,
642 2559 804 2625 brunesium
821 2571 866 2624 Dc
884 2600 918 2610 -
935 2575 999 2625 ulus
1018 2571 1079 2623 aliis
1097 2569 1150 2624 libi
1166 2571 1202 2640 A,
1220 2570 1273 2623 sibi
1284 2568 1365 2624 1301)

164 2688 199 2698 -
217 2656 302 2726 quide
320 2656 350 2708 D
369 2686 403 2696 -
422 2662 479 2712 itus
500 2659 544 2710 uel
561 2662 652 2713 inlust
669 2661 711 2728 A,
735 2659 810 2713 intus
828 2659 914 2712 Bul).
934 2687 967 2698 -
1004 2656 1047 2711 87.
1077 2658 1193 2712 Valetne
1212 2658 1254 2726 A,
1283 2657 1366 2713 Valet

163 2761 199 2799 ne
217 2748 255 2814 B,
274 2745 365 2798 ualete
381 2745 430 2798 OD
451 2775 479 2788 -
501 2745 608 2814 Edepol
628 2745 678 2800 OD
699 2776 726 2785 -
747 2746 803 2799 iam
819 2745 905 2813 BOD,
929 2761 989 2798 eam
1008 2745 1121 2798 uellam
1138 2743 1192 2814 (uel
1208 2743 1315 2814 lam)A
1333 2775 1363 2785 -

164 2831 222 2885 fore
240 2848 320 2901 spero
338 2833 380 2900 A,
410 2834 492 2887 credo
510 2833 568 2887 fore
588 2832 666 2887 BCD
685 2863 717 2872 -
736 2836 764 2886 te
781 2832 831 2887 ubi
848 2832 957 2886 uideret
974 2833 1002 2884 A
1019 2831 1066 2883 scd
1083 2829 1191 2884 incertis
1208 2834 1238 2882 te
1256 2829 1361 2896 litteris,

162 2921 211 2973 ubi
228 2924 257 2973 te
275 2920 382 2975 uidebit
400 2923 434 2989 B,
452 2921 529 2975 ubils
546 2920 655 2974 uidebit
675 2920 732 2975 OD,
751 2951 785 2960 -
822 2921 864 2974 88,
894 2918 1034 2973 Hocnobis
1056 2918 1078 2971 0
1097 2947 1123 2957 -
1144 2917 1244 2971 uilium
1263 2918 1305 2986 A,
1323 2919 1364 2970 ui·

163 3007 205 3059 liu
224 3010 263 3077 Β,
293 3007 395 3061 uicium
417 3008 466 3060 01)
486 3039 513 3049 -
534 3011 665 3061 maxumis
691 3011 734 3061 est
751 3010 790 3075 Β,
812 3023 981 3060 maxumum
998 3003 1021 3058 si
1039 3006 1083 3072 A,
1114 3008 1315 3059 maxumumest
1336 3005 1363 3074 0,

162 3094 312 3146 maximum
331 3097 372 3147 esl
390 3094 420 3145 D
438 3126 471 3136 -
489 3112 552 3148 cum
569 3094 677 3148 ABOD
697 3125 728 3134 -
748 3110 932 3148 cumamamus
954 3093 977 3146 0
993 3121 1026 3131 -·
1048 3095 1108 3145 tum
1125 3090 1215 3161 Ano,
1240 3096 1307 3146 lunc
1324 3091 1362 3146 D.

165 3211 195 3222 -
232 3183 275 3236 89.
304 3181 404 3234 Siillud
425 3181 495 3234 0-
514 3181 630 3234 uelimus
650 3183 689 3250 A,
713 3183 840 3236 uolumus
858 3180 937 3234 BCD
958 3209 984 3219 -
1008 3196 1070 3233 cum
1089 3177 1183 3248 AOD,
1208 3183 1265 3246 quir
1283 3183 1310 3230 Β
1335 3211 1359 3220 -

162 3268 396 3322 summentiuntur
417 3267 444 3321 0.
463 3299 498 3310 -
534 3270 576 3322 90.
608 3269 770 3324 Verumesse
790 3269 813 3323 0
832 3302 856 3312 -
880 3284 915 3321 ne
935 3284 979 3320 eas
996 3266 1174 3323 incendamus
1192 3267 1234 3320 ira
1252 3266 1361 3336 Spano,-

161 3355 407 3409 neuiesuiamuriru
424 3356 459 3424 A,
478 3360 575 3425 quartu
594 3355 681 3409 littera
695 3357 767 3425 sort.
788 3372 802 3409 e
823 3354 879 3426 (uel
893 3355 923 3424 t),
942 3358 1038 3407 octaua
1057 3356 1070 3407 t
1082 3352 1151 3423 sual,
1169 3366 1205 3406 ne
1221 3353 1263 3406 usi
1281 3356 1363 3407 nestu

161 3443 361 3497 mutuamurira
372 3446 406 3512 Β,
423 3459 458 3497 ne
470 3446 502 3497 ul
512 3443 762 3498 inestumutuemur
773 3444 815 3497 ira
822 3443 849 3512 0,
867 3444 934 3495 naut
945 3442 1036 3495 ineam
1048 3445 1210 3498 mutuentur
1221 3440 1263 3494 ira
1274 3439 1312 3494 D.
1328 3471 1361 3481 -

197 3586 240 3638 84.
276 3585 412 3639 Personae
436 3584 476 3640 sic
494 3585 745 3640 distribuebantur:
811 3584 854 3637 85.
889 3579 1047 3635 subusus'su's
1082 3581 1178 3637 obiicit
1213 3598 1226 3634 s
1262 3579 1361 3651 finale3

163 3670 213 3725 Di.
247 3671 320 3732 Quid
345 3672 470 3725 wedam?
504 3674 565 3725 Ast.
602 3673 638 3725 Te
664 3689 746 3725 uuum
775 3672 842 3726 ilem
861 3670 953 3724 melius
972 3688 998 3724 u.
1013 3670 1055 3724 87.

162 3762 414 3812 cnomu.umal.—
430 3760 577 3829 Intellege:
598 3760 746 3828 Quomodo
811 3759 855 3813 87.
890 3758 983 3812 uscls'us
1002 3760 1070 3827 sore
1092 3775 1128 3811 sc.
1147 3754 1180 3811 cs'.
1210 3755 1276 3810 eiu.
1293 3755 1315 3824 l,
1337 3759 1360 3825 1,

162 3860 293 3914 quaerere
310 3848 403 3914 potes,
423 3863 458 3899 an
476 3851 505 3900 ta
521 3847 617 3901 uidere
635 3847 746 3915 cupiat?
776 3846 821 3900 lc:
841 3845 893 3899 crit
910 3845 958 3899 usi
974 3844 1065 3897 morbo
1084 3843 1187 3898 suclius.

160 3933 244 3986 immo
269 3936 297 3987 te
325 3951 411 3987 unum
441 3952 475 3988 ex
506 3935 631 3989 omnibus
664 3938 746 3988 amat.
810 3936 852 3988 90.
890 3932 1059 3986 incendamus
1090 3931 1133 3985 ira
1169 3932 1267 4002 scripsi
1298 3933 1361 3988 coll.

161 4021 204 4075 Ila
221 4021 320 4075 Bacch.
340 4021 376 4090 Π,
396 4023 420 4091 2,
439 4023 487 4075 28:
518 4021 673 4092 ecquidnam
692 4040 745 4074 use·
776 4020 851 4074 Asin.
871 4021 905 4089 Il,
925 4024 949 4089 4,
971 4021 1017 4073 14:
1048 4019 1097 4089 qui
1122 4038 1224 4090 sempor
1247 4038 1288 4073 me
1317 4020 1360 4074 ira

161 4108 240 4161 minis
257 4108 438 4163 Mnesilochi?
461 4108 505 4165 ΡΙ.
524 4110 635 4178 huus?
657 4110 745 4162 Immo
775 4106 903 4165 incudis:
935 4107 1032 4161 Pseud.
1051 4109 1072 4177 l,
1093 4111 1117 4176 2,
1137 4110 1185 4161 66:
1206 4107 1286 4160 nimis
1304 4126 1359 4160 scr·

161 4194 237 4247 unice
254 4214 335 4250 uuum
349 4195 475 4265 plurumi
487 4196 590 4265 pendit.
774 4212 850 4247 moue
873 4193 951 4246 leuius
975 4194 1018 4248 ira
1043 4193 1178 4249 incendor.
1214 4193 1254 4248 uf.
1273 4196 1357 4248 etiam

442 4279 447 4287 ’
773 4281 832 4334 Mil.
850 4280 884 4350 II,
904 4284 928 4350 6,
947 4284 994 4336 94:
1013 4299 1045 4334 uc
1063 4281 1149 4335 iratus
1167 4287 1242 4335 esest.
