2956 4852
147 319 188 377 Π.

147 491 377 563 Vratislauiae
405 485 514 560 1834.
565 488 693 562 Eodem
721 495 808 562 teste
834 491 991 562 nituntur
1015 514 1100 584 quas
1125 492 1182 564 hic
1203 491 1277 563 illic
1302 513 1347 561 ex

148 610 294 683 editione
318 608 475 705 principe
502 606 557 700 (Z)
584 609 745 680 lectiones
772 610 880 680 attuli.

248 849 467 922 Ambrosiani
484 850 567 921 libri
582 873 745 922 uersuum
762 851 1031 945 descriptionem,
1054 852 1122 922 nisi
1141 852 1346 923 contrarium

146 975 290 1042 testatus
318 993 409 1057 sum,
444 992 521 1042 cum
546 971 619 1042 meo
645 972 801 1065 exemplo
823 973 1005 1042 conuenire
1031 973 1245 1064 eundemque
1268 994 1345 1065 per-

147 1114 304 1162 sonarum
338 1094 433 1161 notas
465 1091 509 1160 ab
540 1090 636 1162 initio
670 1113 833 1162 uersuum
866 1092 1039 1178 omittere,
1087 1092 1177 1162 intra
1208 1115 1346 1162 uersum

146 1210 288 1306 spatiolo
313 1209 433 1280 relicto
459 1210 595 1302 signare
622 1211 725 1281 semel
751 1235 868 1282 moneo
888 1205 931 1300 *.).

246 1451 432 1524 Diniarchi
449 1474 570 1521 nomen
592 1451 823 1545 compluribus
846 1451 928 1523 locis
948 1457 1039 1521 recte
1059 1453 1230 1538 traditum,
1255 1452 1346 1544 quod

145 1572 226 1643 olim
250 1572 423 1643 Dinarchi
445 1571 642 1663 legebatur,
683 1572 814 1665 primus
847 1572 996 1643 restituit
1021 1572 1228 1643 Ritschelius
1257 1570 1346 1657 (lnd.

31 1708 36 1713 ’
144 1693 220 1764 leot.
248 1691 357 1763 Bonn.
383 1713 412 1761 a.
441 1687 550 1761 1856.
575 1714 610 1785 p.
637 1692 693 1778 41,
721 1691 943 1763 Strotattocts
966 1715 1100 1778 nomen,
1128 1693 1219 1786 quod
1246 1690 1346 1762 Saa-

663 1770 668 1781 J

145 1813 253 1882 titccis
285 1811 515 1903 uulgabatur,
558 1809 709 1904 Berglrio
741 1813 887 1882 debetur
923 1810 1057 1900 (Diurn.
1084 1817 1152 1882 ant.
1177 1809 1286 1881 1848.
1311 1834 1345 1905 p.

148 1928 262 2015 1126)
289 1925 451 2001 0011010.
473 1932 517 2001 ad
534 1930 606 2002 Att.
623 1930 723 2018 XVI,
747 1929 805 2000 15.
862 1929 982 2025 Opamt
1006 1932 1140 2002 nomine
1166 1944 1227 2024 ego
1255 1931 1346 2002 serui

146 2073 324 2146 personam
349 2050 530 2144 inscripsi,
575 2073 663 2143 quae
685 2070 777 2121 nunc
800 2048 900 2122 Getae
925 2052 1062 2143 legitur.
1115 2051 1209 2135 Quod
1237 2056 1275 2121 ut
1300 2052 1346 2121 sa-

146 2192 257 2241 cerem
290 2169 344 2240 his
379 2171 491 2241 causis
523 2172 646 2241 ductus
679 2193 763 2240 sum.
815 2168 970 2241 Primum
995 2171 1079 2242 haec
1104 2172 1187 2242 dicit
1212 2151 1347 2240 Diniar-

145 2289 230 2360 chus
252 2290 418 2384 librorum
443 2291 512 2362 fide
536 2288 751 2386 comprobata
778 2288 854 2380 (IV,
882 2290 914 2377 1,
942 2290 995 2379 4):

297 2443 353 2515 Ita
377 2445 423 2516 ad
447 2469 501 2515 me
526 2467 648 2537 magna
673 2446 845 2516 nuntiauit
866 2446 1027 2539 adprimus
1046 2443 1148 2515 hodie
1170 2444 1295 2537 gaudia

298 2578 379 2652 Mea
419 2581 507 2653 dona
544 2583 697 2654 deamata
728 2586 935 2676 acceptaque
980 2580 1097 2652 habita
1139 2602 1214 2651 esse
1255 2580 1347 2674 apud

1070 2699 1296 2772 Phronesium

147 2854 228 2941 (nisi
260 2853 353 2948 quod
385 2854 537 2925 odiamus
570 2854 631 2944 D).
703 2853 768 2939 Qui
803 2860 915 2926 autem
952 2879 972 2926 a
1002 2853 1186 2927 Diniarcho
1223 2857 1347 2928 missus

146 2975 235 3045 dona
261 2973 305 3044 ad
327 2970 554 3046 Phronesium
579 2974 703 3046 detulit
730 2973 790 3064 (Π,
821 2976 858 3063 7)
885 2998 994 3068 eaque
1012 2976 1101 3046 bene
1119 2981 1256 3070 accepta
1274 2998 1349 3047 esse

146 3091 330 3164 Diniarcho
355 3093 512 3180 nuntiat,
556 3115 676 3164 seruus
710 3094 772 3164 ille
803 3100 855 3165 est
887 3096 943 3166 cui
975 3117 1066 3166 nunc
1092 3094 1195 3167 Getae
1227 3119 1348 3168 nomen

145 3212 285 3331 inditur.
338 3207 424 3283 Cum
459 3215 575 3285 eodem
601 3236 700 3284 seruo
729 3212 955 3287 Phronesium
978 3215 1130 3308 loquitur
1155 3238 1232 3286 cum
1258 3216 1349 3288 dicat

147 3330 209 3419 (ΙΙ,
238 3331 270 3420 7,
295 3327 359 3418 28)
373 3355 394 3423 ³,

301 3481 404 3557 Grata
423 3507 550 3581 eoaque
571 3492 701 3559 ecastor
717 3486 826 3558 habeo
842 3487 922 3559 iube
939 3486 1066 3558 atrferri
1082 3487 1170 3558 intro
1190 3488 1203 3559 i
1223 3489 1350 3561 etiamr

149 3639 211 3712 ubi
236 3639 299 3711 etsi
324 3663 392 3711 non
418 3641 530 3713 omnia
556 3665 638 3714 sana
665 3647 746 3715 sunt
771 3647 883 3715 tamen
909 3641 1030 3738 Optat·
1052 3666 1174 3715 nomen
1200 3643 1350 3716 dilucide

221 3996 246 4064 *)
281 3995 324 4050 Ea
348 3999 440 4051 autem
464 4012 594 4051 uersuum
618 3995 777 4052 distributio
800 4013 870 4066 quae
897 3997 926 4050 in
948 3996 1017 4051 Oet
1035 3995 1064 4047 D
1082 3995 1161 4050 libris
1179 4001 1306 4053 seruatur
1322 4005 1351 4055 et

150 4084 286 4138 uocabula
303 4084 375 4138 malo
394 4084 542 4139 coniuncta
565 4086 610 4140 1101
634 4085 772 4140 disiuncta
795 4085 919 4139 taedium
938 4083 1107 4153 attulerunt,
1137 4088 1284 4154 postquam
1301 4105 1351 4157 per

151 4171 257 4238 aliquot
275 4187 387 4226 scaenas
407 4188 519 4240 operam
537 4172 608 4240 dedi,
628 4173 727 4241 quibus
745 4172 897 4226 intacibili
916 4190 975 4227 esse
993 4172 1203 4242 intelligeretur.
