2978 4846
1315 313 1336 353 V

137 490 288 580 apparet.
342 481 453 556 Semel
482 485 517 555 in
550 486 733 556 uerborum
764 490 923 556 contextu
954 485 1054 555 Getae
1083 507 1204 554 nomen
1235 483 1271 554 in
1295 483 1336 553 li-

137 605 211 675 bris
239 608 350 675 exstat
375 605 435 694 (Π,
464 605 497 692 7,
519 604 598 694 23);

292 741 399 812 Ι17716ο
431 765 493 812 uos
526 741 669 812 saluere.
728 739 811 811 Phr.
849 740 973 811 Noster
1001 746 1100 832 pcto,
1143 742 1227 835 quid
1253 743 1336 834 agis,

1098 864 1136 930 rit
1158 861 1281 931 uoles?

137 994 186 1066 At
212 996 296 1090 ipsis
323 997 473 1067 numeris
501 999 661 1068 docemur
678 993 782 1066 Getae
800 1019 920 1067 nomen
945 1019 1125 1090 perperam
1150 998 1220 1090 legi
1246 1000 1337 1091 quod

137 1120 316 1210 postquam
349 1117 441 1186 serui
474 1140 619 1210 persona
645 1115 749 1186 Getae
784 1117 917 1186 nomine
955 1117 1097 1187 inscribi
1134 1122 1251 1211 coepta
1286 1122 1337 1187 est

137 1237 182 1306 ab
206 1237 340 1307 homine
365 1259 582 1307 numerorum
608 1238 727 1329 ignaro
754 1237 790 1306 in
816 1236 908 1305 hunc
932 1236 1043 1306 locum
1069 1237 1240 1307 inuectum
1263 1259 1338 1308 esse

137 1356 294 1444 uidetur,
337 1357 434 1427 cuius
460 1356 512 1426 rei
539 1357 649 1427 simile
676 1358 869 1450 exemplum
898 1356 932 1425 in
960 1354 1073 1428 Sticho
1099 1359 1216 1428 habes.
1267 1357 1339 1428 Aut

137 1476 276 1569 pulsum
302 1481 352 1548 est
377 1476 561 1570 pristinum
587 1500 707 1547 nomen
733 1478 860 1546 Noster
888 1474 1010 1569 C'pome
1036 1482 1094 1548 aut
1121 1479 1212 1571 quod
1239 1478 1339 1547 etiam

138 1597 245 1688 magis
275 1597 388 1690 placet
426 1598 620 1690 corruptela
649 1597 766 1666 subest
797 1598 925 1667 Noster
958 1604 1034 1668 esto.
1101 1597 1222 1691 Neque
1256 1619 1338 1667 uero

137 1716 492 1810 praetermittendum,
529 1717 565 1786 in
593 1716 656 1787 hac
682 1717 799 1787 sabula
823 1718 932 1786 omnia
957 1739 1179 1810 personarum
1204 1717 1339 1787 nomina
1396 1701 1401 1715 ⁶

138 1857 182 1904 ex
216 1835 287 1906 suis
321 1836 445 1929 cuique
478 1838 628 1907 moribus
662 1838 768 1907 indita
800 1859 892 1923 esse,
940 1835 1043 1906 Getae
1078 1837 1212 1906 nomine
1247 1836 1338 1906 serui

136 1979 246 2027 mores
279 1957 418 2027 minime
452 1958 571 2028 notari.
624 1954 749 2028 Contra
770 1957 945 2050 aptissime
968 1962 1109 2026 uocatur
1138 1955 1258 2051 Opomo'
1281 1980 1338 2028 nc

136 2076 227 2146 mine
254 2077 435 2164 culinario,
475 2078 535 2169 qui
569 2101 605 2147 se
636 2081 672 2147 io
698 2079 811 2149 cotton
837 2079 946 2148 cicere
972 2077 1048 2170 ipse
1073 2077 1251 2170 profitetur
1277 2075 1338 2165 (H,

138 2195 171 2281 7,
200 2193 263 2282 53)
288 2201 321 2265 et
345 2201 524 2290 postquam
551 2221 627 2268 cum
649 2199 756 2268 milite
779 2220 934 2291 pugnare
960 2203 1093 2268 coactus
1120 2202 1171 2266 est
1190 2198 1339 2266 cultrum

136 2315 344 2386 octrumum
378 2339 441 2410 pro
479 2320 592 2410 gladio
631 2319 769 2410 stringit
806 2316 875 2403 (Π,
910 2317 948 2404 7,
982 2315 1045 2404 66)
1081 2316 1209 2386 hostem
1245 2316 1340 2386 uelut

136 2416 264 2526 apuam
289 2438 570 2509 distrcncoturas
595 2437 660 2527 (Π,
690 2439 728 2525 7,
756 2437 819 2517 52)
847 2442 880 2506 67
911 2461 931 2506 a
956 2437 1063 2507 milite
1089 2437 1192 2530 petit,
1230 2440 1268 2504 ut
1295 2458 1339 2506 ex

137 2555 253 2625 culina
282 2579 372 2626 uero
403 2581 437 2626 se
464 2563 580 2649 petere
606 2562 698 2628 sicot
728 2558 788 2645 (Π,
818 2558 850 2645 7,
878 2555 940 2644 67)
975 2561 1007 2628 67
1033 2557 1139 2649 magis
1163 2556 1339 2649 magisque

137 2674 301 2746 recedens
330 2676 523 2771 misereque
557 2702 578 2746 a
612 2679 720 2749 milite
751 2680 920 2750 mulcatus
953 2677 1085 2769 aufugit
1115 2682 1232 2747 roentre
1257 2681 1339 2746 dom

136 2795 234 2865 soluo
260 2797 336 2867 ticet
360 2795 420 2886 (Π,
449 2797 481 2884 7,
509 2795 582 2887 69).

239 2979 390 3052 Actuum
423 2985 685 3078 descriptionem
720 2985 896 3077 uolgatam
938 2984 1002 3054 etsi
1039 3006 1257 3077 peruersam,
1295 3005 1338 3053 ne
1390 3000 1400 3023 ⁹

137 3121 337 3172 scaenarum
368 3103 426 3173 uel
456 3126 618 3175 uersuum
644 3128 801 3175 numeros
827 3105 1000 3174 euoluenti
1026 3104 1136 3174 omnia
1160 3104 1339 3173 misceren-

137 3224 204 3307 tur,
230 3221 367 3292 retinui.
418 3221 555 3294 Primus
582 3230 676 3296 actus
704 3247 814 3316 usque
839 3226 883 3295 ad
908 3223 955 3311 H,
984 3222 1005 3291 5
1029 3225 1194 3318 pertinet,
1222 3245 1339 3293 secun·

138 3341 204 3410 dus
230 3346 322 3411 recte
347 3340 394 3428 Π,
422 3341 444 3412 8
477 3346 668 3433 clauditur,
705 3345 797 3414 tertii
829 3349 923 3413 actus
956 3344 1016 3437 qui
1042 3345 1174 3435 integer
1194 3366 1261 3414 non
1288 3348 1339 3414 est

138 3462 219 3530 sunt
245 3481 385 3532 scaenae
410 3461 476 3550 ΙΠ,
506 3465 524 3534 1
551 3470 584 3534 67
609 3465 675 3552 ΙΠ,
702 3467 742 3552 2,
777 3469 918 3556 quartus
945 3468 1033 3534 totus
1060 3465 1232 3534 intercidit
1258 3464 1338 3551 (nisi

139 3579 232 3672 quod
256 3577 322 3667 HI,
352 3578 371 3649 1
400 3586 433 3652 et
457 3582 523 3671 ΙΠ,
551 3586 573 3655 2
601 3586 701 3655 etiam
726 3585 840 3676 quarti
865 3589 958 3653 actus
988 3606 1062 3653 esse
1088 3589 1121 3653 et
1148 3584 1267 3655 tertius
1294 3589 1340 3656 to-

138 3703 194 3770 tus
221 3699 434 3772 intercidisse
460 3703 594 3797 potest),
621 3706 761 3798 quintus
785 3726 899 3774 omnes
927 3725 1064 3774 scaenas
1089 3705 1170 3776 inde
1196 3703 1336 3791 aIV‚1

137 3820 317 3913 usquead
342 3820 444 3893 finem
470 3823 607 3895 fabulae
634 3825 868 3920 complectitur
882 3818 925 3910 *t

208 4088 234 4158 *)
269 4090 355 4146 Aliud
373 4090 407 4145 de
424 4091 476 4146 hae
495 4109 525 4146 re
544 4093 645 4147 Bothio
663 4093 781 4163 placuit,
808 4092 883 4145 aliud
903 4091 1051 4145 Schmitzio
1068 4090 1113 4160 (de
1132 4093 1185 4144 aet.
1203 4090 1233 4143 in
1250 4090 1340 4142 Plaut.

134 4175 193 4232 fob.
212 4177 315 4248 desp.
333 4177 387 4248 26).
