2956 4852
125 297 169 378 Η,
189 301 221 377 2,
244 300 380 371 ὅδ’-44,
623 319 838 369 mvcvpnurvs.

253 482 400 564 Quinque
422 479 572 548 bucculas
594 486 660 546 tam
684 481 767 548 belle
788 482 1023 566 purpurissatas
1043 483 1153 550 habes.
1343 504 1377 562 aa

162 585 228 648 Ast.
253 579 387 650 'Erubui
409 581 567 648 mecastor
588 585 706 647 misera
727 582 861 668 propter
882 583 1055 654 clamorem
1076 590 1175 654 tuom.

162 685 225 750 Str.
252 681 355 749 'Itane
376 685 554 754 erubuisti?
575 686 668 768 quasi
690 706 767 750 uero
790 685 915 770 obrpori
935 685 1102 769 reliqueris

254 785 322 852 Τιἰο
343 785 535 869 potestatem
558 787 673 851 coloris
694 787 752 852 ulli
775 787 922 871 capiendi
943 787 1039 851 mala.

173 958 176 963 4
255 888 378 963 Bumas
399 886 536 966 rubrica,
560 894 648 953 creta
670 910 764 954 omne
788 889 903 973 corpus
925 888 1058 968 intinxti
1080 889 1149 956 tibi.

254 989 424 1057 Ptesumae
446 991 531 1055 eatis.
1195 1062 1198 1067 ,

372 1092 439 1154 Ast.
464 1091 546 1168 Quid
562 1092 710 1174 estquod
725 1092 816 1157 uobis
830 1091 996 1175 pessumae
1011 1093 1072 1158 hae
1087 1093 1326 1158 malefacerint?
1344 1105 1379 1154 4ο

162 1192 225 1260 Str.
255 1191 326 1259 Soio
348 1211 406 1275 ego
427 1193 621 1277 plusquam
642 1199 680 1257 tu
702 1193 861 1260 arbitrare
883 1195 963 1261 scire
985 1216 1045 1263 me.

886 1297 954 1361 Ast,
985 1297 1070 1377 Quid
1092 1296 1135 1378 id,
1158 1296 1328 1378 obsecrost,

253 1395 347 1478 Quod
369 1396 473 1461 scias?

392 1497 455 1562 Str.
479 1497 576 1563 Erilis
599 1502 706 1563 noster
726 1497 814 1562 filius
836 1503 916 1581 aput
938 1499 998 1565 uos
1019 1499 1158 1565 Strabax

254 1593 307 1664 'Vt
320 1605 441 1681 pereat,
463 1604 500 1663 ut
514 1619 587 1662 eum
602 1598 755 1664 inliciatis
773 1599 807 1662 in
823 1599 942 1663 malam
957 1599 1104 1665 fraudem
1120 1601 1153 1667 et
1167 1600 1329 1686 probrum.

163 1699 230 1763 nst.
254 1698 365 1765 Sanus
381 1701 407 1765 si
428 1701 578 1781 ridearis,
602 1700 724 1765 dicam:
748 1701 827 1764 dicis
850 1700 1085 1766 contumeliam.

128 1872 169 1922 35.
201 1821 297 1938 Duiaq·
317 1871 448 1925 bucculas
466 1872 506 1939 Α,
537 1869 606 1936 Quia
624 1887 677 1938 que
695 1870 763 1922 istas
782 1870 883 1924 buccas
900 1871 942 1939 B,
976 1871 1041 1939 quia
1065 1887 1119 1954 que
1144 1873 1211 1927 istas
1229 1873 1330 1927 buccas

129 1956 183 2009 OD
202 1987 233 1996 —
252 1960 280 2010 ta
299 1959 325 2009 Β
343 1989 376 1998 -
396 1958 471 2011 Belle
487 1957 540 2010 01)
561 1987 588 1996 -
608 1957 812 2026 purpurissatas
831 1956 916 2010 habes
929 1960 965 2026 Α,
983 1960 1111 2027 purpuris
1130 1961 1197 2013 satis
1214 1960 1331 2014 habeost

127 2043 192 2113 BD,
212 2045 340 2114 purporis
359 2045 544 2099 satishabeost
565 2044 595 2096 0.
617 2074 645 2083 -
685 2046 727 2097 36.
757 2044 909 2099 Erubuimc
927 2049 1020 2100 castor
1037 2046 1077 2116 Β,
1096 2035 1331 2101 erubuimecastor

131 2129 160 2199 0,
180 2132 267 2184 erubu
285 2149 329 2184 me
347 2137 439 2187 castor
456 2132 517 2201 Da,
535 2131 633 2185 erubui
650 2148 695 2184 me
714 2135 805 2185 castor
822 2131 869 2183 Db
888 2161 921 2171 -
939 2135 1054 2200 propter
1073 2135 1112 2201 Β,
1137 2133 1255 2202 Propter
1277 2130 1330 2186 01)

128 2247 156 2256 -—
181 2218 328 2272 clamorem
346 2238 381 2272 aa
399 2222 548 2274 clamorem
566 2218 695 2272 incertum
714 2216 742 2270 ia
761 2218 789 2269 B
811 2247 844 2257 -
870 2222 948 2272 tuum
967 2219 1087 2274 ABOD.
1110 2250 1140 2258 -·
1177 2219 1220 2272 37.
1251 2211 1330 2272 itane

128 2305 263 2374 erubuisti
276 2307 361 2359 ΑΘΒ
379 2306 434 2359 uiri
451 2307 521 2376 quod
537 2307 611 2358 itane
628 2305 686 2374 01),
704 2305 800 2358 Itane
818 2306 928 2358 e1ubuit
946 2306 982 2358 sti
994 2306 1022 2358 B
1040 2335 1074 2343 -
1093 2305 1170 2373 quasi
1187 2323 1253 2359 uero
1272 2323 1330 2360 cor·

128 2392 188 2459 pori
204 2393 357 2461 Reliqueris
376 2394 414 2461 D,
433 2392 688 2461 quasiuerocorpori
706 2392 860 2459 Reliqueris
878 2397 902 2443 er
920 2409 985 2444 uere
1004 2397 1065 2444 onte
1083 2409 1153 2444 corr.
1172 2392 1202 2445 0.
1224 2422 1256 2431 -
1287 2393 1330 2447 38.

127 2479 187 2533 Tuo
205 2481 274 2548 ΑΒ,
298 2484 346 2534 tuo
367 2480 417 2533 01)
436 2511 467 2520 -
485 2483 652 2548 potestatem
669 2479 812 2546 ABODb‚
836 2480 982 2546 potestatis
1000 2480 1047 2532 Da
1071 2509 1096 2518 -
1119 2479 1274 2547 capiendim
1293 2479 1328 2531 B.

128 2564 217 2622 Pm'rc.
233 2584 264 2635 p.
281 2569 332 2618 228
351 2573 419 2636 etp.
435 2569 539 2621 26611.
559 2567 653 2637 offert:
676 2568 755 2635 quasi
777 2582 843 2619 uero
863 2567 971 2635 corpori
996 2567 1139 2634 reliqueris
1162 2561 1329 2635 potestatem

128 2653 227 2706 coloris
251 2655 301 2707 ulli
324 2655 460 2723 capiendi.
481 2685 509 2693 -
548 2656 590 2707 39.
622 2655 733 2707 rubrica
751 2657 827 2707 creta
845 2656 887 2721 Α,
912 2655 1023 2708 rubrica
1041 2658 1103 2708 ceta
1121 2654 1162 2722 B,
1188 2653 1330 2706 rubricata

133 2739 185 2792 OD
209 2772 243 2783 --
266 2742 381 2796 intinxti
403 2742 456 2795 tibi
476 2742 566 2799 Secti:
593 2741 728 2795 intixitibi
746 2741 790 2793 uel
808 2742 945 2794 initattibi
963 2744 1005 2810 A,
1028 2742 1142 2795 intinxit
1160 2741 1213 2793 tibi
1229 2740 1288 2792 BD
1306 2744 1330 2796 et

128 2826 168 2878 sic
192 2846 251 2882 cum
271 2845 350 2896 pron.
376 2847 434 2881 croc.
459 2828 592 2882 iunctum:
622 2829 918 2909 intinxittibipesaump
946 2828 976 2882 0.
1007 2863 1033 2871 -
1072 2831 1115 2879 40.
1145 2827 1275 2880 Passume
1294 2827 1329 2895 B,

129 2930 257 2996 pessume
279 2918 306 2983 0,
324 2933 451 2984 pessume
469 2916 500 2968 D
518 2947 550 2954 -
571 2916 637 2983 quid
657 2918 698 2968 est
715 2916 751 2984 Β,
771 2914 885 2981 Quidest
901 2916 930 2983 0,
950 2914 1021 2980 Quid
1040 2919 1083 2968 eat
1094 2915 1125 2967 D
1143 2947 1177 2956 —
1195 2914 1330 2983 pessimae

129 3005 170 3071 Α,
189 3020 315 3071 pessume
333 3003 404 3072 BD,
422 3019 550 3085 pessump
572 3002 595 3055 0
612 3033 645 3042 -
663 3003 716 3055 hae
734 3001 925 3054 malefecerint
942 3001 986 3052 uel
1002 3001 1073 3070 quod
1089 3000 1177 3053 minua
1190 3000 1331 3071 probabile

129 3089 181 3144 hae
199 3089 397 3143 malefecerunt
414 3094 450 3159 A,
469 3090 520 3143 heo
538 3107 583 3142 ma
601 3091 636 3158 B,
655 3091 723 3147 haec
738 3090 767 3158 0,
786 3089 842 3171 hpc
856 3088 893 3141 D.
916 3119 943 3127 —
983 3091 1025 3139 41.
1047 3089 1109 3156 plus
1121 3088 1214 3158 ΑΘΒ,
1234 3106 1250 3141 o
1268 3089 1330 3157 plus

129 3178 158 3229 B
177 3182 259 3230 —tu
278 3179 413 3232 arbitrare
430 3179 500 3231 scire
517 3195 561 3230 me
580 3182 621 3245 A,
639 3194 684 3230 me
702 3178 863 3230 arbitrarier
881 3175 951 3229 scire
968 3176 1051 3228 BcD
1070 3205 1103 3215 -
1123 3176 1188 3243 quid
1206 3175 1235 3228 id
1254 3176 1331 3229 obse·

129 3269 203 3318 crost
221 3268 255 3333 A,
275 3265 342 3332 quid
358 3266 405 3319 ide
423 3265 536 3318 obsecro
555 3265 590 3333 Β,
610 3265 677 3333 quid
695 3265 724 3318 id
743 3268 786 3318 eat
804 3266 917 3319 obsecro
940 3263 973 3331 0,
994 3264 1061 3331 quid
1077 3263 1107 3317 id
1125 3267 1141 3314 ἔ
1159 3253 1274 3317 obsecro
1293 3263 1331 3318 D.

130 3381 164 3392 ··-
200 3355 243 3406 42.
274 3352 349 3404 erilis
366 3356 402 3421 Α,
420 3353 503 3405 herus
522 3353 579 3421 Bc,
599 3370 660 3405 erus
679 3352 709 3403 D
728 3383 760 3392 —
780 3356 847 3420 aput
859 3353 894 3420 Α,
914 3351 987 3417 apud
1000 3350 1131 3404 BOD-
1149 3369 1199 3404 uos
1217 3351 1331 3404 strabax
1360 3384 1363 3389 ·

130 3441 165 3507 A,
183 3441 275 3492 nostra
293 3456 347 3507 pax
366 3442 399 3508 Β,
419 3444 542 3493 nostram
559 3457 615 3508 pax
630 3439 741 3510 012,-
777 3441 820 3492 43.
850 3440 888 3494 Vt
905 3441 1002 3505 pereat
1019 3440 1051 3489 ut
1069 3441 1104 3504 Α,
1123 3438 1162 3492 Vt
1179 3442 1278 3505 pextut
1296 3439 1329 3506 Β,

130 3526 168 3581 Vt
184 3543 234 3598 per
251 3543 285 3579 ex
302 3530 362 3578 tute
378 3526 408 3595 0,
426 3528 464 3582 Vt
481 3543 499 3597 p
520 3544 554 3580 ex
571 3532 632 3580 tute
649 3529 679 3580 D
697 3559 730 3569 -
748 3525 879 3579 inliciatis
897 3528 933 3592 Α,
951 3524 1071 3577 iniciatis
1090 3523 1174 3576 BCD
1193 3555 1223 3563 —
1245 3526 1331 3577 inma-

127 3614 183 3666 lam
199 3614 261 3667 0-
276 3615 401 3682 probru*q
422 3619 448 3665 A
468 3614 588 3666 incerto*
608 3615 692 3682 ripae,
713 3615 848 3681 premium
860 3612 895 3679 Β,
913 3612 1020 3679 pmium
1035 3611 1061 3678 0,
1080 3611 1233 3678 praemium
1245 3610 1282 3664 D.
1297 3641 1329 3650 -

130 3705 173 3754 44.
204 3702 227 3753 si
249 3702 370 3755 uidearis
395 3703 486 3755 dicam
502 3706 544 3769 A,
576 3704 599 3754 si
620 3702 716 3754 uidear
741 3701 847 3754 edicam
866 3698 934 3767 BD,
968 3698 1086 3751 siuidcar
1139 3699 1246 3751 edicam
1272 3715 1331 3750 cum

127 3787 216 3856 spatio
239 3789 270 3844 0.
289 3819 322 3827 -—

110 3958 115 3964 ·
165 3929 208 3983 35.
238 3927 450 3995 purpurissatas,
466 3928 529 3981 uide
542 3926 716 3996 sup.1‚2,67.
780 3928 821 3978 39.
858 3922 967 3976 rubrica
985 3923 1121 3992 producta
1137 3924 1227 3993 prima
1250 3924 1331 3991 sylla·

166 4015 209 4068 37.
245 4014 344 4067 Itone?
373 4014 521 4067 erubuisti?
551 4016 591 4068 sic
614 4015 716 4068 disiun·
745 4013 788 4066 ba.
819 4012 953 4066 Eiusdem
971 4015 1063 4064 autem
1080 4011 1156 4064 uocis
1175 4026 1234 4062 ease
1251 4008 1331 4061 ruber

131 4103 276 4170 gebantur,
295 4119 364 4169 quae
378 4104 464 4155 uerba
477 4103 616 4170 iungenda
629 4104 715 4156 eraut.
745 4104 774 4152 et
791 4111 822 4150 ru
819 4101 871 4167 fua
889 4102 964 4152 recte
982 4116 1026 4152 me
1043 4098 1150 4151 monuit
1168 4097 1246 4150 Stud.

130 4190 207 4243 Idem
220 4191 292 4242 enim
306 4194 347 4242 est
364 4194 459 4257 atque:
479 4188 550 4240 satia
569 4187 716 4240 erubuisti?
780 4189 824 4240 44.
860 4185 964 4239 dicam:
983 4185 1050 4240 diois
1069 4181 1254 4237 contumeliam
1268 4181 1294 4236 h.
1307 4198 1330 4235 e.

166 4279 209 4330 38.
244 4276 296 4329 ulli
311 4278 368 4330 uid.
381 4276 465 4330 Prisc.
478 4278 496 4329 l.
509 4277 527 4328 l.
746 4275 845 4329 ‘dicam
862 4276 891 4327 to
909 4272 1104 4328 contumeliam
1121 4271 1231 4338 dicore',
1256 4271 1331 4338 quod
