2956 4852
165 304 207 392 21)
704 347 818 388 rusvrr.
881 382 883 385 .
1124 321 1150 404 1,
1173 325 1201 404 2,
1228 322 1364 388 18-17.

112 531 164 599 (15)
519 511 611 590 Quod
633 509 734 593 lepido
757 531 810 573 ore
830 508 963 575 feciunt.

162 614 216 678 Fit
234 611 290 698 pol
310 612 371 678 hoc
392 618 425 677 et
447 633 521 695 pars
543 611 759 697 spectttorum
781 613 869 678 scitis
889 611 944 697 pol
966 633 1024 677 uos
1046 633 1096 677 me
1118 611 1207 676 haud
1222 612 1364 677 mentiri.

160 714 241 780 Ibist
261 714 333 779 fiius
354 734 482 799 pugnae
505 719 537 778 et
557 713 673 778 uirtuti
695 713 734 777 de
755 711 972 796 praedonibus
993 713 1147 798 preedtm
1169 733 1293 797 capere.

112 824 146 878 15
163 817 206 883 At
228 816 352 882 coestor
374 837 432 881 nos
453 816 564 880 rusdm
584 815 689 899 lepide
711 814 879 879 referimus
900 816 1039 899 gratiam
1060 815 1186 880 furstius
1207 815 1334 881 uostris.

162 918 244 982 Nam
267 918 328 1002 ipsi
348 917 461 982 uident
482 939 592 984 eorum
614 938 710 1001 quom
733 917 912 1001 auferimus
933 916 1018 982 bone
1040 921 1136 1001 atque
1159 916 1257 982 etiam
1277 916 1364 982 ultro

920 1019 982 1103 ipsi
1003 1019 1164 1104 adgerunt
1186 1020 1228 1085 ad
1250 1039 1318 1084 nos.

111 1124 168 1191 (20)
295 1120 345 1186 Di.
395 1121 447 1187 Me
468 1121 534 1188 illis
556 1122 685 1206 quidem
706 1121 785 1187 haee
808 1120 959 1187 uerberat
980 1121 1105 1187 uerbis:

160 1324 215 1394 (17)
235 1326 276 1379 14.
306 1326 373 1379 ibist
396 1326 458 1380 ibus
480 1327 574 1387 Cam:
604 1328 648 1382 Ibi
672 1328 728 1397 sib3
752 1329 794 1397 Β,
823 1328 863 1382 ibi
886 1329 982 1383 usibus
1002 1328 1055 1382 01)
1080 1358 1112 1370 -
1137 1343 1230 1398 pugne
1256 1327 1293 1382 B.
1329 1355 1364 1366 -

160 1413 214 1481 (18)
235 1415 276 1466 15.
306 1415 344 1468 Α1
363 1418 485 1469 eccastor
503 1418 543 1484 Α,
563 1416 603 1468 At
619 1415 703 1469 BUD
723 1445 754 1454 -
775 1433 871 1469 rusum
889 1416 929 1485 B,
948 1433 1058 1468 rursum
1076 1414 1161 1469 AOD
1177 1443 1214 1453 -
1231 1419 1309 1483 grim
1327 1413 1362 1465 B.

164 1528 195 1537 -—
232 1499 286 1567 (19)
307 1502 347 1552 16.
372 1518 466 1554 eorum
484 1519 547 1555 cum
565 1504 600 1571 Α,
621 1519 683 1556 cum
702 1520 797 1556 eorum
815 1502 901 1555 BOD
920 1533 951 1542 -
972 1501 1121 1556 auferimus
1142 1502 1255 1570 Specie:
1283 1517 1365 1570 egge·

158 1585 244 1638 rimus
263 1586 376 1640 ABOD
394 1587 451 1641 nisi
467 1589 537 1658 quod
553 1588 581 1641 in
600 1590 625 1640 A
640 1588 729 1656 poesie
749 1591 829 1642 etiam
848 1591 999 1643 accerimus
1019 1590 1103 1658 tepere
1132 1621 1165 1630 -
1192 1591 1247 1656 atq.
1267 1591 1307 1656 A,
1327 1589 1365 1640 lo·

159 1673 207 1740 qui
225 1672 308 1725 1301>
326 1702 360 1714 -
379 1679 516 1744 aggerunt
532 1675 645 1729 ABGD
666 1705 697 1715 ·-
725 1676 851 1729 Omnium
866 1693 1046 1745 personarum
1064 1681 1088 1727 ct
1105 1674 1214 1728 nominc
1234 1678 1257 1726 et
1275 1673 1364 1742 spatia

41 1789 44 1792 >
117 1776 127 1821 1
159 1776 210 1812 om.
230 1758 321 1825 1301),
342 1760 461 1814 11111111
477 1762 642 1816 contrarium
661 1763 843 1820 attrectabitur.
862 1793 895 1804 -
927 1762 981 1831 (20)
1001 1743 1050 1816 17.Ι
1067 1762 1119 1816 hec
1139 1762 1165 1814 B
1187 1791 1214 1801 -
1235 1761 1366 1814 uerberat

159 1845 251 1916 1301),
269 1848 419 1902 uerberent
436 1850 472 1903 A.
494 1881 526 1890 -

193 2037 248 2107 (17)
262 2039 303 2091 14.
340 2037 398 2090 ibus
416 2038 450 2091 cf.
464 2039 534 2093 Non.
546 2058 573 2109 p.
587 2043 654 2109 4⁸63
680 2041 748 2094 cha·
779 2041 877 2108 luptatt
898 2037 971 2108 1111)
993 2035 1091 2104 'Ibus‚
1125 2040 1171 2092 uel
1188 2038 1291 2092 rectius
1309 2056 1365 2093 uno

158 2125 205 2178 ris.
217 2143 244 2194 p.
258 2127 292 2178 64
305 2125 339 2178 K.
362 2154 390 2165 -
417 2126 544 2180 Ceterum
563 2127 643 2191 idue,
677 2144 747 2196 quoe
776 2144 860 2180 uersu
877 2125 1011 2194 rwluptctc'
1032 2126 1069 2179 eie
1093 2126 1152 2178 rbus
1171 2143 1233 2180 cum
1251 2126 1365 2180 Lechm.

48 2229 53 2239 ¹
159 2228 214 2264 uox
245 2211 403 2266 Hermanno
434 2218 462 2267 et
491 2214 671 2268 Lachmanno
701 2216 748 2283 (ad
777 2217 806 2266 et
823 2212 920 2266 Titinii
937 2214 1024 2268 uerba
1042 2215 1127 2283 (opud
1145 2214 1250 2282 eund.):
1270 2231 1302 2264 eu
1321 2231 1364 2266 ae-

159 2297 240 2351 Lucr.
259 2316 285 2367 p.
306 2299 368 2368 262)
394 2302 552 2355 auctoribus
575 2303 696 2371 priorem
720 2306 749 2355 et
778 2305 866 2353 castor
888 2299 914 2352 ei
934 2306 1054 2353 moratae
1070 2298 1130 2352 sitis
1148 2302 1241 2352 ambae
1258 2299 1317 2380 itur
1336 2304 1365 2350 ut

159 2386 298 2454 corripere
317 2391 344 2440 et
358 2389 510 2456 producere
522 2390 653 2459 creditur,
671 2390 748 2443 nullo
773 2376 827 2458 pro
845 2405 890 2456 epo
908 2387 1043 2439 maoribue
1061 2404 1117 2441 non
1129 2388 1220 2440 minus
1233 2390 1364 2456 corrupte
1405 2414 1409 2421 ·

158 2473 240 2527 modo
268 2473 336 2526 mihi
365 2477 531 2543 persuadere
560 2494 673 2546 possum
700 2480 748 2530 eut
778 2477 842 2528 sunt
865 2491 947 2543 quem
971 2474 1092 2542 numeris
1108 2474 1245 2528 laborent.
1281 2473 1364 2526 Deni-

159 2561 234 2629 apud
250 2561 379 2615 Plautum
404 2567 452 2616 eut
476 2566 550 2633 apud
574 2564 658 2617 alium
682 2564 747 2617 scri·
777 2579 830 2630 que
853 2563 927 2630 apud
943 2561 1104 2615 Lucretium
1121 2562 1168 2631 IV,
1186 2562 1237 2614 934
1264 2565 1292 2614 et
1316 2559 1363 2630 vl,

159 2652 267 2715 ptorem
290 2665 412 2716 unquam
437 2651 556 2719 priorem
574 2651 747 2720 corripuisse.
778 2650 830 2702 755
856 2650 1049 2702 Lachmannus
1073 2651 1171 2702 contre
1194 2648 1279 2701 libros
1303 2647 1364 2698 1111

158 2735 325 2789 Producitur
344 2737 416 2789 enim
435 2743 463 2791 et
480 2739 533 2792 hoc
556 2739 638 2808 loco,
670 2740 748 2792 cuius
777 2736 936 2790 coniectura
965 2737 1073 2789 inuexit
1102 2736 1229 2803 idemque
1256 2734 1295 2802 11,
1328 2735 1363 2786 88

159 2823 267 2877 numeri
285 2825 433 2878 certissimi
451 2830 533 2894 sunt,
559 2828 587 2878 et
604 2825 663 2879 Mil.
681 2827 702 2894 Ι,
724 2831 747 2896 1,
776 2825 997 2893 Hauercempum
1021 2827 1130 2876 secutus
1160 2840 1176 2874 a
1207 2825 1280 2890 terqo
1303 2821 1363 2872 1111

161 2911 194 2963 74
219 2913 248 2964 et
271 2912 349 2965 Cure.
368 2912 414 2980 IV,
433 2913 457 2981 2,
477 2914 521 2966 20.
574 2913 645 2965 Item
669 2913 746 2982 Cept.
777 2912 858 2964 obstet
880 2912 930 2964 ubi
953 2912 1021 2965 setis
1039 2908 1151 2964 defendi
1168 2912 1261 2978 potest
1279 2908 1363 2962 libro·

160 3014 217 3066 arg.
237 3003 265 3066 ὁ,
284 3000 333 3053 ubi
351 3001 470 3053 editores
489 2998 682 3053 dimetiuntur:
709 3001 836 3052 Et·rum
853 2999 935 3052 lectio
955 3015 971 3050 a
991 2997 1106 3065 terpitue
1124 2996 1213 3050 obstet.

161 3087 189 3136 in
207 3085 266 3137 itus
285 3085 348 3138 cinit
362 3085 424 3138 olim
438 3085 672 3156 amttcunsse'le'um
685 3106 748 3157 pro·
810 3087 865 3155 (18)
880 3088 920 3143 15.
952 3087 1108 3138 Atecdetor
1119 3081 1363 3150 videBrixpreef.

160 3171 244 3225 ducto
274 3173 333 3224 rbus
364 3173 404 3225 ita
435 3173 518 3241 pedes
551 3174 748 3228 distribuamus
776 3175 851 3228 Trin.
871 3191 898 3242 p.
920 3176 963 3241 163
1000 3173 1082 3226 Most.
1101 3169 1127 3240 Ι,
1145 3173 1175 3239 3,
1198 3171 1261 3222 116:
1290 3169 1362 3230 Quia

160 3263 281 3326 oportet:
302 3259 341 3312 Et
358 3258 387 3311 ic
405 3259 463 3311 ibes
483 3259 547 3311 emit
564 3277 585 3315 e.
600 3279 625 3330 q.
640 3278 662 3316 s.
695 3263 747 3315 De·
777 3261 894 3318 codrior:
922 3260 981 3313 Mil.
1000 3259 1045 3327 IV,
1066 3262 1089 3328 2,
1110 3257 1157 3311 73:
1178 3257 1224 3310 Eu
1241 3257 1372 3315 ecdetort.

160 3346 224 3399 inde
241 3346 312 3399 Rud.
331 3346 399 3414 prol.
415 3346 463 3399 73:
483 3345 561 3398 ndum
581 3348 748 3416 confractc'et
776 3349 838 3402 Ter.
857 3346 942 3400 Andr.
961 3347 1009 3414 111,
1030 3348 1054 3414 2,
1075 3347 1103 3398 3:
1133 3343 1187 3396 Per
1206 3344 1309 3394 ecastor
1328 3343 1363 3396 11.

161 3431 220 3483 ibus
237 3436 363 3485 ueterum
381 3433 533 3487 editionum
550 3451 682 3502 peruerse
694 3436 748 3488 lec·
776 3466 810 3476 -
829 3435 1029 3489 rzeemsourc.
1048 3433 1080 3501 V,
1100 3436 1130 3499 2,
1149 3435 1165 3482 5
1185 3431 1207 3484 B
1231 3428 1316 3482 ricem
1336 3433 1363 3483 h.

159 3520 200 3573 tio
219 3524 268 3580 est,
286 3537 336 3588 pro
355 3538 409 3588 qua
426 3522 492 3575 libri
504 3521 687 3589 manuscripti
699 3539 746 3573 nc·
776 3541 799 3577 e.
818 3539 921 3574 riuum.

160 3607 203 3658 uie
233 3608 399 3674 confractast
430 3608 463 3661 111
494 3610 606 3664 babent.
652 3609 748 3678 Neque
828 3608 974 3680 referimus
992 3626 1005 3662 s
1023 3606 1105 3661 finale
1124 3605 1219 3658 abiicit
1241 3606 1273 3656 ut
1297 3619 1363 3656 mox

160 3711 227 3747 uero
244 3695 411 3748 Ritschelius
428 3697 529 3752 Bacch.
547 3699 568 3766 1,
588 3701 613 3766 2,
632 3697 666 3750 34
685 3697 748 3751 Sea·
771 3698 885 3767 floribus
904 3700 932 3749 et
950 3695 1116 3764 bisyllebum
1129 3696 1171 3746 est
1182 3690 1311 3761 qratiam,
1331 3695 1364 3745 ut

160 3782 242 3850 ligeri
260 3784 288 3834 et
306 3781 405 3849 Guyeti
423 3786 611 3838 coniecturam
632 3785 680 3837 sed
699 3788 747 3837 eut
776 3786 902 3853 proximo
925 3801 1007 3838 uersu
1026 3782 1156 3851 adportent
1177 3783 1205 3832 et
1225 3779 1364 3847 monosyl-

162 3867 368 3920 Praesentecma
382 3869 440 3922 rbus
453 3873 665 3926 outHermenno
678 3872 748 3924 duce
776 3872 869 3925 lebum
887 3870 992 3935 uident,
1021 3870 1120 3937 quibus
1139 3866 1295 3920 durioribus
1312 3882 1362 3917 nn·

162 3955 303 4007 Praesente
326 3973 380 4008 etna
405 3956 459 4010 illie
481 3960 603 4027 recipere
622 3959 748 4013 debebat.
777 3959 859 4011 meris
896 3957 996 4010 offendi
1033 3956 1108 4010 noli:
1152 3953 1364 4021 frequententur

162 4042 215 4109 Qui
232 4043 306 4112 apud
323 4044 391 4097 elios
410 4045 557 4114 scriptores
571 4049 682 4099 exstant
693 4047 748 4101 loci
776 4047 850 4098 enim
866 4045 934 4097 telie
952 4044 980 4095 in
999 4042 1161 4112 anapaestis.

163 4132 278 4184 eandem
294 4133 384 4200 legem
400 4131 574 4200 profitentur.
605 4134 749 4202 Pomponii
812 4135 865 4202 (19)
881 4133 920 4184 16.
956 4131 1106 4200 auferimus
1125 4128 1159 4182 cf.
1171 4127 1221 4180 inf.
1232 4127 1265 4193 11,
1279 4128 1303 4194 4,
1318 4123 1360 4178 73.

163 4219 236 4270 enim
265 4236 360 4272 uersus
389 4220 473 4287 (apud
502 4220 571 4274 Non.
594 4221 659 4287 11.)
692 4225 747 4274 est:
812 4220 865 4289 (20)
879 4225 907 4271 et
919 4219 973 4287 (21)
988 4220 1051 4271 dim.
1063 4233 1140 4284 enep.
1151 4219 1204 4268 oet.
1216 4217 1281 4266 sunt
1294 4228 1362 4280 quos

163 4305 245 4358 Nu'nc
262 4306 367 4373 quando
385 4305 495 4358 uoluisti
505 4308 616 4375 secere,
631 4309 685 4375 scic
703 4327 747 4360 uo·
776 4324 902 4360 numeros
915 4307 985 4359 duce
997 4307 1021 4359 Α
1034 4302 1157 4357 restituit
1169 4300 1247 4356 Stud.
1271 4299 1363 4354 Semel
