2956 4852
117 266 145 349 l,
167 271 197 348 2,
222 271 356 333 18-21.
623 269 820 340 rnicmurvs.
1280 275 1319 335 21

348 456 432 520 Nam
454 476 512 540 ego
535 457 597 522 hirc
619 457 704 523 bena
726 478 799 523 mea
821 457 954 542 degessi.

247 555 315 623 Ast.
350 556 575 625 commemini:
604 560 670 626 iam
698 560 753 644 pul
781 559 916 645 eumpse·
940 559 982 625 ad
1006 581 1064 626 nos
1090 560 1118 624 si
1143 558 1231 625 dimi
1258 560 1321 624 erit

960 683 1085 728 mecum
1107 662 1275 728 addiscam.

318 760 370 826 Di.
414 761 504 827 Heus
525 762 698 828 manerium
721 763 913 849 Astaphium
934 765 1121 850 priusquam
1143 764 1221 830 abis.

318 862 387 929 Ast.
416 865 478 943 Qui
499 865 654 931 reuocat?

459 965 509 1030 Di.
555 966 659 1032 Scies:
682 965 804 1052 respice
827 966 899 1034 huc.

395 1128 398 1133 .
845 1070 913 1135 Ast.
960 1069 1037 1148 Quis
1059 1069 1133 1133 eet?

245 1167 296 1232 Di.
340 1166 440 1233 vebis
463 1169 519 1252 qui
539 1169 642 1236 milta
664 1168 750 1237 dona
771 1169 839 1238 esse
861 1171 938 1237 uolt.

181 1348 184 1353 Ι
339 1291 347 1304 ’
807 1330 808 1337 ,
891 1272 958 1336 Ast.
1004 1271 1096 1351 Dato,

200 1372 235 1439 Si
257 1370 327 1439 isse
347 1370 408 1439 uis.

416 1474 466 1539 Di.
510 1472 598 1540 Faxo
620 1481 731 1541 erunt:
755 1474 876 1560 respice
898 1476 961 1541 huc
983 1476 1086 1541 mode.

1013 1577 1081 1641 Ast.
1125 1575 1186 1655 Oh,

363 1677 482 1742 Enicas
503 1699 555 1743 me
576 1677 727 1742 miseram
750 1678 895 1762 quisquis
915 1698 958 1741 es.

112 1934 170 2004 (21)
189 1933 230 1986 11.
261 1934 335 1988 bona
351 1950 413 1986 mea
430 1933 539 2003 degessi
556 1936 599 2002 A,
631 1934 702 1989 done
727 1933 850 1989 successi
867 1935 909 2002 B,
941 1934 1013 1988 dona
1031 1933 1154 1987 concessi
1172 1932 1201 1985 D
1222 1962 1250 1971 -
1271 1932 1319 1986 do·

111 2021 383 2076 1111111111εείομ-
427 2023 480 2090 (22)
502 2022 541 2073 le.
580 2037 642 2074 eum
667 2022 757 2089 ipsum
781 2022 817 2076 ad
842 2038 892 2076 nos
916 2023 944 2073 Α
967 2022 1090 2091 (eumpse
1109 2019 1235 2089 Sparsa..)
1266 2036 1317 2089 ego

111 2125 161 2162 um
182 2124 244 2161 sum
261 2106 376 2176 Buba,
406 2125 457 2178 ego
481 2107 585 2177 u(())sum
612 2125 671 2160 uum
693 2124 791 2160 rasura
813 2108 860 2160 Db
884 2137 915 2148 -
943 2107 997 2160 crit
1015 2112 1056 2175 A,
1087 2109 1148 2160 erat
1166 2105 1257 2158 1301).
1282 2135 1320 2145 --

111 2196 170 2264 (23)
189 2198 228 2247 12.
260 2195 418 2263 astaphium
437 2200 473 2263 A,
492 2196 655 2264 adstaphius
674 2196 709 2264 B,
734 2195 874 2264 astaphius
890 2193 943 2247 01>
962 2223 994 2234 -
1014 2193 1073 2246 abis
1091 2195 1127 2258 A,
1146 2193 1206 2245 auis
1224 2191 1316 2245 BGD.

112 2313 148 2324 -
184 2282 238 2350 (24)
259 2283 300 2335 19.
330 2280 382 2348 Qui
401 2286 514 2336 reuocat
530 2285 567 2351 A,
586 2283 634 2350 qui
651 2299 751 2335 reuoca
768 2282 803 2349 B,
822 2286 936 2335 reuocat
956 2280 1017 2334 01).
1036 2311 1069 2319 —
1105 2281 1159 2347 (25)
1179 2280 1220 2331 20.
1245 2277 1318 2333 dona

51 2376 72 2397 ‘
114 2368 230 2437 Specus
251 2368 345 2425 Sinda
365 2367 439 2421 bona
456 2368 569 2422 ABOD
586 2399 620 2407 —
639 2359 891 2424 1111113011-
927 2368 982 2436 (26)
1001 2370 1043 2420 20.
1073 2365 1109 2420 oh
1126 2368 1162 2435 A,
1180 2367 1206 2420 ic
1225 2364 1317 2420 BCD.

111 2483 148 2508 -.-
184 2452 238 2524 (27)
264 2456 307 2508 21.
331 2453 432 2510 Enicas
450 2457 486 2524 A,
505 2455 611 2510 tenicas
629 2456 713 2510 BOD
732 2485 765 2495 —
785 2455 925 2525 esACD,
945 2454 1091 2508 11111.-

110 2695 210 2734 moneo
239 2678 414 2732 Ambrosiani
448 2696 578 2733 uersuum
608 2680 700 2734 distri·
730 2708 762 2719 -
800 2681 833 2732 ln
850 2679 873 2732 B
893 2697 919 2732 u.
938 2678 1084 2749 (16)-(26)
1108 2679 1203 2732 decem
1221 2693 1317 2730 uersus

112 2766 256 2821 butionem
279 2783 341 2820 cum
363 2783 426 2819 meo
449 2770 574 2837 exemplo
597 2768 700 2836 ubique
729 2768 950 2836 complectuntur
966 2767 996 2819 in
1013 2766 1063 2819 has
1076 2783 1157 2819 uoces
1172 2769 1315 2820 exeuntes:

112 2852 274 2922 conuenire,
299 2853 352 2906 nisi
371 2855 540 2908 contrarium
557 2859 699 2909 notauero.
728 2853 838 2906 mentiri
858 2889 881 2897 -
906 2871 999 2922 capere
1019 2884 1050 2891 -
1068 2852 1167 2905 nostrii
1186 2881 1218 2892 -
1244 2849 1318 2920 loqui

112 2970 146 2982 -
181 2939 286 3010 quidem
301 2944 399 2996 >totum
422 2942 534 2995 eliditur
564 2945 606 3012 (ut
632 2943 699 2995 bona
729 2971 762 2982 -
788 2959 835 2993 uos
862 2971 892 2980 -
918 2939 1036 2993 adecesss'
1062 2969 1095 2978 —-
1121 2939 1252 2992 adducam
1281 2968 1313 2978 ·-

110 3026 294 3098 praecedente
312 3029 409 3097 uersu)
440 3030 563 3081 certast
587 3031 699 3098 bisylla·
727 3027 793 3082 sciar
814 3058 846 3069 -
865 3032 903 3079 est
927 3057 949 3068 ·-
972 3026 1082 3096 respice.

110 3114 186 3169 bum·
207 3142 239 3155 ·-
270 3113 377 3184 depasci.
411 3109 450 3170 uf.
470 3115 546 3170 Stud.
565 3117 658 3170 Herm.
676 3117 697 3185 Ι,
762 3114 816 3185 (24)
832 3116 871 3166 19.
909 3113 956 3184 qai
971 3118 1092 3179 reuocat,
1122 3114 1205 3167 Poen.
1223 3112 1269 3179 lv,
1290 3114 1313 3177 2,

110 3219 138 3272 p.
156 3202 219 3255 203.
252 3200 325 3255 Men·
345 3203 377 3271 V,
404 3204 429 3271 2,
453 3204 502 3256 ⁶3:
533 3219 593 3256 mea
618 3221 697 3257 orna-
727 3203 762 3254 29
785 3202 834 3272 qui
855 3206 934 3254 accat
955 3201 1040 3271 libri,
1070 3217 1236 3270 quamquam
1259 3217 1314 3253 non

112 3291 202 3341 mma
220 3287 290 3340 clam
308 3288 345 3340 ad
360 3289 511 3341 meretrices
530 3289 644 3359 clepera,-
664 3291 696 3360 V,
727 3290 780 3343 sibi
804 3293 932 3344 constant
956 3293 1005 3342 aut
1028 3290 1094 3342 libri
1118 3292 1167 3342 aut
1194 3288 1314 3356 scriptor

112 3376 138 3444 l,
156 3375 205 3429 22:
223 3378 284 3426 tuac
301 3374 402 3444 deperiri
419 3375 529 3428 amirae.
727 3376 761 3430 cf.
775 3377 857 3429 Poen.
871 3377 903 3445 V,
917 3378 942 3445 4,
957 3379 1005 3445 43;
1032 3376 1117 3430 Stich.
1135 3375 1157 3444 Ι,
1177 3376 1202 3444 3,
1221 3377 1255 3427 69
1276 3375 1311 3427 al.

146 3460 202 3530 (22)
220 3462 261 3514 18.
297 3461 462 3531 Astaphium
479 3466 626 3532 postquam
648 3464 698 3518 ali·
716 3465 811 3518 'Mera
828 3465 863 3533 Π,
883 3467 908 3533 4,
926 3465 957 3516 6:
975 3462 1023 3532 qai
1037 3480 1079 3515 me
1095 3466 1203 3514 reuocat
1220 3460 1309 3524 BCD,

111 3547 275 3617 quantisper
303 3553 368 3603 ante
401 3552 481 3606 aedes
508 3555 617 3604 morata
647 3555 696 3619 est,
726 3552 774 3605 sed
792 3551 850 3620 quis
869 3553 910 3614 A,
931 3553 963 3603 ut
981 3549 1058 3602 Stud.
1076 3564 1121 3600 rna
1139 3546 1241 3600 docuit.

109 3635 168 3689 iarn
186 3650 291 3690 memor
307 3654 390 3706 quarn
408 3639 444 3693 ob
462 3655 587 3692 caussam
605 3639 696 3708 prodi·
760 3637 814 3707 (27)
829 3639 870 3689 21.
908 3640 995 3689 enicas
1026 3638 1058 3688 ut
1091 3634 1185 3699 aldes,
1219 3633 1308 3698 esua,

107 3724 164 3777 crit
182 3723 250 3777 haec
265 3724 326 3793 ipsa
338 3742 431 3779 secum
443 3725 584 3780 fabulatur
597 3730 625 3778 et
636 3726 697 3794 ipsa
725 3725 832 3779 similia.
869 3724 932 3778 Non
956 3723 1029 3777 enim
1049 3739 1130 3775 ausus
1156 3739 1216 3776 sum
1234 3738 1311 3773 aecae

109 3826 141 3865 sa
157 3812 260 3864 monet.
295 3811 357 3866 Non
381 3829 456 3866 eram
479 3831 556 3866 snam
574 3813 696 3882 adloqui·
726 3814 858 3881 scribere,
877 3812 1013 3881 quiahoc
1033 3806 1310 3879 senensempersm'-

108 3901 158 3952 tur
174 3900 208 3951 ut
223 3896 375 3953 Lambinus
399 3900 461 3954 uult
479 3918 543 3955 cum
561 3901 622 3953 aliis
640 3899 697 3954 adi·
725 3918 787 3954 care
812 3901 880 3955 dicit
910 3900 1024 3954 Noster:
1055 3903 1084 3952 et
1108 3898 1194 3951 habes
1219 3897 1310 3951 locum

108 3983 226 4038 toribus.
246 4013 275 4025 ·-
297 4003 402 4057 cumpro
420 3989 476 4042 viri
494 3987 542 4042 inf.
561 3988 598 4041 ad
613 4005 639 4040 u.
654 3989 696 4041 31.
725 4005 788 4042 cum
814 3988 951 4042 sententia
973 3989 1034 4040 tum
1057 3984 1178 4039 numeris
1203 3982 1309 4036 similli-

144 4071 284 4140 (23)(11111.
302 4071 385 4127 iamb.
402 4092 458 4143 ac.;
489 4077 543 4144 (24)
562 4075 695 4143 composi·
723 4094 799 4129 mum
816 4076 888 4128 Rud.
906 4075 952 4142 IV,
974 4075 998 4142 3,
1018 4072 1049 4126 7:
1074 4072 1177 4124 Enicas
1194 4069 1249 4120 siim
1268 4085 1309 4120 me

107 4160 156 4213 aas
174 4173 208 4211 ex
224 4158 331 4214 duabus
349 4163 412 4232 trip.
433 4163 521 4218 troch.
541 4167 608 4231 cat.;
638 4161 693 4231 (25)
724 4162 783 4215 odio
801 4160 919 4231 quisquis
937 4178 973 4212 es.

107 4244 164 4315 (26)
189 4245 254 4300 dim.
274 4251 341 4303 crat.
359 4256 422 4304 cuin
446 4252 512 4319 trip.
530 4250 619 4304 troch.
641 4252 693 4304 cst.
