<?xml version="1.0" encoding="UTF-8"?>
<!DOCTYPE html PUBLIC "-//W3C//DTD XHTML 1.0 Transitional//EN"
    "http://www.w3.org/TR/xhtml1/DTD/xhtml1-transitional.dtd">
<html xmlns="http://www.w3.org/1999/xhtml" xml:lang="en" lang="en">
 <head>
  <title>
</title>
<meta http-equiv="Content-Type" content="text/html;charset=utf-8" />
  <meta name='ocr-system' content='tesseract 3.04.00' />
  <meta name='ocr-capabilities' content='ocr_page ocr_carea ocr_par ocr_line ocrx_word'/>
</head>
<body>
  <div class='ocr_page' id='page_1' title='image "./truculentuscuma00plaugoog_0152.png"; bbox 0 0 2956 4852; ppageno 0'>
   <div class='ocr_carea' id='block_1_1' title="bbox 700 272 1376 355">
    <p class='ocr_par' dir='ltr' id='par_1_1' title="bbox 700 272 1376 355">
     <span class='ocr_line' id='line_1_1' title="bbox 700 272 1376 355; baseline 0.003 -20"><span class='ocrx_word' id='word_1_1' title='bbox 700 295 805 337; x_wconf 73' lang='lat' dir='ltr'>rusum</span> <span class='ocrx_word' id='word_1_2' title='bbox 1173 272 1219 355; x_wconf 87' lang='lat' dir='ltr'>V,</span> <span class='ocrx_word' id='word_1_3' title='bbox 1246 276 1376 339; x_wconf 78' lang='lat'><strong>73-76.</strong></span> 
     </span>
    </p>
   </div>
   <div class='ocr_carea' id='block_1_2' title="bbox 108 458 1377 958">
    <p class='ocr_par' dir='ltr' id='par_1_2' title="bbox 108 458 1377 958">
     <span class='ocr_line' id='line_1_2' title="bbox 278 458 1377 545; baseline 0.004 -20"><span class='ocrx_word' id='word_1_4' title='bbox 278 460 446 545; x_wconf 78' lang='lat' dir='ltr'>Metmque</span> <span class='ocrx_word' id='word_1_5' title='bbox 468 466 593 525; x_wconf 90' lang='lat' dir='ltr'>utrem</span> <span class='ocrx_word' id='word_1_6' title='bbox 615 460 710 523; x_wconf 73' lang='lat' dir='ltr'>lauded</span> <span class='ocrx_word' id='word_1_7' title='bbox 732 460 807 525; x_wconf 77' lang='lat' dir='ltr'>douo</span> <span class='ocrx_word' id='word_1_8' title='bbox 827 466 965 545; x_wconf 80' lang='lat' dir='ltr'>gestam,</span> <span class='ocrx_word' id='word_1_9' title='bbox 986 458 1141 527; x_wconf 75' lang='lat' dir='ltr'>uestram</span> <span class='ocrx_word' id='word_1_10' title='bbox 1165 484 1312 528; x_wconf 85' lang='lat' dir='ltr'>rursum</span> <span class='ocrx_word' id='word_1_11' title='bbox 1332 461 1377 529; x_wconf 77' lang='lat' dir='ltr'>bt·</span> 
     </span>
     <span class='ocr_line' id='line_1_3' title="bbox 1142 586 1342 649; baseline 0.01 -21"><span class='ocrx_word' id='word_1_12' title='bbox 1142 586 1187 629; x_wconf 87' lang='lat' dir='ltr'>ne</span> <span class='ocrx_word' id='word_1_13' title='bbox 1211 586 1342 649; x_wconf 82' lang='lat' dir='ltr'>geram.</span> 
     </span>
     <span class='ocr_line' id='line_1_4' title="bbox 278 659 1297 747; baseline 0.007 -20"><span class='ocrx_word' id='word_1_14' title='bbox 278 659 370 727; x_wconf 84' lang='lat' dir='ltr'>&#39;Intro</span> <span class='ocrx_word' id='word_1_15' title='bbox 392 663 486 726; x_wconf 82' lang='lat' dir='ltr'>aleo.-</span> <span class='ocrx_word' id='word_1_16' title='bbox 508 664 533 728; x_wconf 92' lang='lat' dir='ltr'>si</span> <span class='ocrx_word' id='word_1_17' title='bbox 556 664 634 747; x_wconf 90' lang='lat' dir='ltr'>quid</span> <span class='ocrx_word' id='word_1_18' title='bbox 656 663 826 728; x_wconf 88' lang='lat' dir='ltr'>animatus‘</span> <span class='ocrx_word' id='word_1_19' title='bbox 847 663 960 744; x_wconf 76' lang='lat' dir='ltr'>siucero,</span> <span class='ocrx_word' id='word_1_20' title='bbox 982 663 1082 728; x_wconf 86' lang='lat' dir='ltr'>facias</span> <span class='ocrx_word' id='word_1_21' title='bbox 1104 666 1148 730; x_wconf 76' lang='lat' dir='ltr'>uit</span> <span class='ocrx_word' id='word_1_22' title='bbox 1170 668 1297 734; x_wconf 86' lang='lat' dir='ltr'>sciam.</span> 
     </span>
     <span class='ocr_line' id='line_1_5' title="bbox 108 765 1271 850; baseline 0.002 -19"><span class='ocrx_word' id='word_1_23' title='bbox 108 782 142 831; x_wconf 74' lang='grc' dir='ltr'>τι</span> <span class='ocrx_word' id='word_1_24' title='bbox 281 765 414 830; x_wconf 74' lang='lat' dir='ltr'>veneris</span> <span class='ocrx_word' id='word_1_25' title='bbox 435 786 532 830; x_wconf 87' lang='lat' dir='ltr'>eausa</span> <span class='ocrx_word' id='word_1_26' title='bbox 554 765 707 850; x_wconf 76' lang='lat' dir='ltr'>plauidite,</span> <span class='ocrx_word' id='word_1_27' title='bbox 728 765 797 830; x_wconf 90' lang='lat' dir='ltr'>eius</span> <span class='ocrx_word' id='word_1_28' title='bbox 818 765 898 831; x_wconf 89' lang='lat' dir='ltr'>haee</span> <span class='ocrx_word' id='word_1_29' title='bbox 918 765 952 830; x_wconf 89' lang='lat' dir='ltr'>in</span> <span class='ocrx_word' id='word_1_30' title='bbox 973 765 1110 831; x_wconf 83' lang='lat' dir='ltr'>tutelast</span> <span class='ocrx_word' id='word_1_31' title='bbox 1133 766 1271 835; x_wconf 71' lang='lat' dir='ltr'>fabula.</span> 
     </span>
     <span class='ocr_line' id='line_1_6' title="bbox 279 867 1244 958; baseline 0.004 -25"><span class='ocrx_word' id='word_1_32' title='bbox 279 867 495 953; x_wconf 73' lang='lat' dir='ltr'>[spectatores</span> <span class='ocrx_word' id='word_1_33' title='bbox 517 867 598 933; x_wconf 70' lang='lat' dir='ltr'>bdne</span> <span class='ocrx_word' id='word_1_34' title='bbox 620 867 734 948; x_wconf 86' lang='lat' dir='ltr'>uulete,</span> <span class='ocrx_word' id='word_1_35' title='bbox 757 868 899 952; x_wconf 76' lang='lat' dir='ltr'>plaudite</span> <span class='ocrx_word' id='word_1_36' title='bbox 922 875 1020 953; x_wconf 91' lang='lat' dir='ltr'>atque</span> <span class='ocrx_word' id='word_1_37' title='bbox 1041 869 1244 958; x_wconf 73' lang='lat' dir='ltr'>exsurgite]</span> 
     </span>
    </p>
   </div>
   <div class='ocr_carea' id='block_1_3' title="bbox 154 1127 1377 1900">
    <p class='ocr_par' dir='ltr' id='par_1_3' title="bbox 154 1127 1377 1900">
     <span class='ocr_line' id='line_1_7' title="bbox 158 1127 1377 1200; baseline 0.002 -19"><span class='ocrx_word' id='word_1_38' title='bbox 158 1131 201 1183; x_wconf 91' lang='grc'>73.</span> <span class='ocrx_word' id='word_1_39' title='bbox 231 1129 346 1197; x_wconf 71' lang='lat' dir='ltr'>Illez‘upue</span> <span class='ocrx_word' id='word_1_40' title='bbox 365 1130 406 1198; x_wconf 91' lang='lat' dir='ltr'>B,</span> <span class='ocrx_word' id='word_1_41' title='bbox 431 1131 526 1197; x_wconf 80' lang='lat' dir='ltr'>Aeque</span> <span class='ocrx_word' id='word_1_42' title='bbox 548 1127 600 1182; x_wconf 82' lang='lat'>01&gt;</span> <span class='ocrx_word' id='word_1_43' title='bbox 620 1158 651 1168; x_wconf 96' lang='lat'>-</span> <span class='ocrx_word' id='word_1_44' title='bbox 670 1133 702 1183; x_wconf 87' lang='lat' dir='ltr'>ut</span> <span class='ocrx_word' id='word_1_45' title='bbox 719 1146 777 1183; x_wconf 92' lang='lat' dir='ltr'>rem</span> <span class='ocrx_word' id='word_1_46' title='bbox 796 1129 885 1184; x_wconf 86' lang='lat' dir='ltr'>habeo</span> <span class='ocrx_word' id='word_1_47' title='bbox 902 1130 972 1183; x_wconf 87' lang='lat' dir='ltr'>bene</span> <span class='ocrx_word' id='word_1_48' title='bbox 991 1132 1099 1200; x_wconf 82' lang='lat' dir='ltr'>gestem</span> <span class='ocrx_word' id='word_1_49' title='bbox 1121 1129 1250 1200; x_wconf 75' lang='lat' dir='ltr'>Speup..·</span> <span class='ocrx_word' id='word_1_50' title='bbox 1287 1137 1322 1188; x_wconf 79' lang='lat' dir='ltr'>ut</span> <span class='ocrx_word' id='word_1_51' title='bbox 1345 1138 1377 1188; x_wconf 76' lang='lat' dir='ltr'>re</span> 
     </span>
     <span class='ocr_line' id='line_1_8' title="bbox 156 1216 1377 1287; baseline 0.004 -18"><span class='ocrx_word' id='word_1_52' title='bbox 156 1216 258 1269; x_wconf 85' lang='lat' dir='ltr'>debere</span> <span class='ocrx_word' id='word_1_53' title='bbox 282 1223 393 1287; x_wconf 73' lang='lat' dir='ltr'>uegestt</span> <span class='ocrx_word' id='word_1_54' title='bbox 412 1218 451 1283; x_wconf 91' lang='lat' dir='ltr'>B,</span> <span class='ocrx_word' id='word_1_55' title='bbox 482 1222 572 1271; x_wconf 72' lang='lat' dir='ltr'>utrem</span> <span class='ocrx_word' id='word_1_56' title='bbox 594 1217 695 1270; x_wconf 83' lang='lat' dir='ltr'>debere</span> <span class='ocrx_word' id='word_1_57' title='bbox 718 1235 753 1272; x_wconf 89' lang='lat' dir='ltr'>ne</span> <span class='ocrx_word' id='word_1_58' title='bbox 776 1221 882 1287; x_wconf 81' lang='lat' dir='ltr'>gestam</span> <span class='ocrx_word' id='word_1_59' title='bbox 903 1217 955 1270; x_wconf 84' lang='lat' dir='ltr'>CD</span> <span class='ocrx_word' id='word_1_60' title='bbox 977 1216 1032 1269; x_wconf 70' lang='lat' dir='ltr'>nui</span> <span class='ocrx_word' id='word_1_61' title='bbox 1053 1216 1123 1286; x_wconf 81' lang='lat' dir='ltr'>quod</span> <span class='ocrx_word' id='word_1_62' title='bbox 1145 1220 1272 1273; x_wconf 87' lang='lat' dir='ltr'>utrem</span> <span class='ocrx_word' id='word_1_63' title='bbox 1293 1220 1326 1273; x_wconf 92' lang='lat' dir='ltr'><em>D</em></span> <span class='ocrx_word' id='word_1_64' title='bbox 1343 1251 1377 1260; x_wconf 92' lang='lat'><strong>—</strong></span> 
     </span>
     <span class='ocr_line' id='line_1_9' title="bbox 157 1303 1377 1375; baseline 0.007 -20"><span class='ocrx_word' id='word_1_65' title='bbox 157 1307 236 1356; x_wconf 75' lang='lat' dir='ltr'>iurem</span> <span class='ocrx_word' id='word_1_66' title='bbox 252 1304 333 1357; x_wconf 87' lang='lat' dir='ltr'>BCD</span> <span class='ocrx_word' id='word_1_67' title='bbox 353 1335 384 1344; x_wconf 97' lang='lat'><em>-</em></span> <span class='ocrx_word' id='word_1_68' title='bbox 403 1321 483 1358; x_wconf 88' lang='lat' dir='ltr'>rursu</span> <span class='ocrx_word' id='word_1_69' title='bbox 501 1304 536 1372; x_wconf 88' lang='lat' dir='ltr'>B,</span> <span class='ocrx_word' id='word_1_70' title='bbox 554 1322 664 1357; x_wconf 84' lang='lat' dir='ltr'>rursum</span> <span class='ocrx_word' id='word_1_71' title='bbox 685 1305 737 1358; x_wconf 83' lang='lat' dir='ltr'>CD</span> <span class='ocrx_word' id='word_1_72' title='bbox 765 1335 782 1342; x_wconf 91' lang='lat'><em>-</em></span> <span class='ocrx_word' id='word_1_73' title='bbox 809 1321 903 1375; x_wconf 80' lang='lat' dir='ltr'>geram</span> <span class='ocrx_word' id='word_1_74' title='bbox 926 1308 953 1372; x_wconf 81' lang='lat' dir='ltr'>C,</span> <span class='ocrx_word' id='word_1_75' title='bbox 972 1321 1039 1374; x_wconf 81' lang='lat' dir='ltr'>gera</span> <span class='ocrx_word' id='word_1_76' title='bbox 1056 1303 1123 1356; x_wconf 91' lang='lat' dir='ltr'>BD.</span> <span class='ocrx_word' id='word_1_77' title='bbox 1144 1334 1176 1343; x_wconf 94' lang='lat'><em>-</em></span> <span class='ocrx_word' id='word_1_78' title='bbox 1218 1309 1269 1360; x_wconf 84' lang='grc'>74.</span> <span class='ocrx_word' id='word_1_79' title='bbox 1295 1308 1377 1363; x_wconf 86' lang='lat' dir='ltr'>Intro</span> 
     </span>
     <span class='ocr_line' id='line_1_10' title="bbox 156 1390 1376 1462; baseline 0.003 -19"><span class='ocrx_word' id='word_1_80' title='bbox 156 1390 225 1445; x_wconf 89' lang='lat' dir='ltr'>abeo</span> <span class='ocrx_word' id='word_1_81' title='bbox 251 1392 361 1461; x_wconf 63' lang='lat' dir='ltr'>Spano:</span> <span class='ocrx_word' id='word_1_82' title='bbox 392 1392 517 1447; x_wconf 85' lang='lat' dir='ltr'>Romabo</span> <span class='ocrx_word' id='word_1_83' title='bbox 541 1392 625 1446; x_wconf 86' lang='lat' dir='ltr'>BCD</span> <span class='ocrx_word' id='word_1_84' title='bbox 656 1421 686 1431; x_wconf 77' lang='lat'><em>-</em></span> <span class='ocrx_word' id='word_1_85' title='bbox 724 1392 870 1446; x_wconf 86' lang='lat' dir='ltr'>animatus’</span> <span class='ocrx_word' id='word_1_86' title='bbox 890 1393 1003 1462; x_wconf 57' lang='lat' dir='ltr'>spenpu</span> <span class='ocrx_word' id='word_1_87' title='bbox 1034 1391 1187 1445; x_wconf 78' lang='lat' dir='ltr'>animatust</span> <span class='ocrx_word' id='word_1_88' title='bbox 1209 1392 1310 1447; x_wconf 79' lang='lat' dir='ltr'>BCD</span> <span class='ocrx_word' id='word_1_89' title='bbox 1341 1427 1376 1435; x_wconf 92' lang='lat'>-</span> 
     </span>
     <span class='ocr_line' id='line_1_11' title="bbox 156 1477 1377 1550; baseline 0.006 -17"><span class='ocrx_word' id='word_1_90' title='bbox 156 1479 247 1533; x_wconf 84' lang='lat' dir='ltr'>lacere</span> <span class='ocrx_word' id='word_1_91' title='bbox 265 1479 350 1534; x_wconf 81' lang='lat' dir='ltr'>facias</span> <span class='ocrx_word' id='word_1_92' title='bbox 370 1480 483 1549; x_wconf 69' lang='lat' dir='ltr'>Sparta:</span> <span class='ocrx_word' id='word_1_93' title='bbox 516 1481 620 1535; x_wconf 82' lang='lat' dir='ltr'>feeiare</span> <span class='ocrx_word' id='word_1_94' title='bbox 636 1480 736 1535; x_wconf 84' lang='lat' dir='ltr'>faciem</span> <span class='ocrx_word' id='word_1_95' title='bbox 754 1481 798 1550; x_wconf 94' lang='lat' dir='ltr'>B,</span> <span class='ocrx_word' id='word_1_96' title='bbox 829 1481 920 1536; x_wconf 86' lang='lat' dir='ltr'>faeere</span> <span class='ocrx_word' id='word_1_97' title='bbox 937 1480 1036 1535; x_wconf 87' lang='lat' dir='ltr'>faciam</span> <span class='ocrx_word' id='word_1_98' title='bbox 1053 1478 1087 1545; x_wconf 84' lang='lat' dir='ltr'>C,</span> <span class='ocrx_word' id='word_1_99' title='bbox 1118 1477 1255 1535; x_wconf 67' lang='lat' dir='ltr'>:faciam</span> <span class='ocrx_word' id='word_1_100' title='bbox 1278 1482 1377 1539; x_wconf 81' lang='lat' dir='ltr'>faeere</span> 
     </span>
     <span class='ocr_line' id='line_1_12' title="bbox 154 1564 1373 1641; baseline 0.002 -25"><span class='ocrx_word' id='word_1_101' title='bbox 154 1564 212 1635; x_wconf 77' lang='lat' dir='ltr'>(sle)</span> <span class='ocrx_word' id='word_1_102' title='bbox 231 1567 269 1618; x_wconf 94' lang='lat' dir='ltr'>D.</span> <span class='ocrx_word' id='word_1_103' title='bbox 301 1597 335 1606; x_wconf 97' lang='lat'>-</span> <span class='ocrx_word' id='word_1_104' title='bbox 376 1571 419 1621; x_wconf 84' lang='lat'>75.</span> <span class='ocrx_word' id='word_1_105' title='bbox 448 1568 549 1621; x_wconf 87' lang='lat' dir='ltr'>Veneri</span> <span class='ocrx_word' id='word_1_106' title='bbox 566 1569 594 1620; x_wconf 90' lang='lat' dir='ltr'><em>B</em></span> <span class='ocrx_word' id='word_1_107' title='bbox 623 1597 658 1606; x_wconf 96' lang='lat'>—</span> <span class='ocrx_word' id='word_1_108' title='bbox 687 1569 812 1637; x_wconf 85' lang='lat' dir='ltr'>plaudite</span> <span class='ocrx_word' id='word_1_109' title='bbox 831 1568 944 1637; x_wconf 65' lang='lat' dir='ltr'>apuu:</span> <span class='ocrx_word' id='word_1_110' title='bbox 976 1566 1137 1635; x_wconf 86' lang='lat' dir='ltr'>adplaudits</span> <span class='ocrx_word' id='word_1_111' title='bbox 1156 1566 1232 1635; x_wconf 88' lang='lat' dir='ltr'>BD,</span> <span class='ocrx_word' id='word_1_112' title='bbox 1269 1572 1373 1641; x_wconf 65' lang='lat' dir='ltr'>adpla-</span> 
     </span>
     <span class='ocr_line' id='line_1_13' title="bbox 157 1653 1375 1722; baseline 0.002 -14"><span class='ocrx_word' id='word_1_113' title='bbox 157 1654 216 1708; x_wconf 89' lang='lat' dir='ltr'>dite</span> <span class='ocrx_word' id='word_1_114' title='bbox 238 1653 310 1706; x_wconf 82' lang='lat'>0-</span> <span class='ocrx_word' id='word_1_115' title='bbox 329 1656 387 1709; x_wconf 91' lang='lat' dir='ltr'>eius</span> <span class='ocrx_word' id='word_1_116' title='bbox 410 1655 476 1722; x_wconf 87' lang='lat' dir='ltr'>CD,</span> <span class='ocrx_word' id='word_1_117' title='bbox 495 1655 573 1708; x_wconf 91' lang='lat' dir='ltr'>heius</span> <span class='ocrx_word' id='word_1_118' title='bbox 591 1655 619 1706; x_wconf 91' lang='lat' dir='ltr'><em>B</em></span> <span class='ocrx_word' id='word_1_119' title='bbox 637 1686 670 1694; x_wconf 97' lang='lat'><strong>—</strong></span> <span class='ocrx_word' id='word_1_120' title='bbox 688 1657 739 1710; x_wconf 88' lang='lat' dir='ltr'>heo</span> <span class='ocrx_word' id='word_1_121' title='bbox 757 1656 785 1707; x_wconf 91' lang='lat' dir='ltr'><em>B</em></span> <span class='ocrx_word' id='word_1_122' title='bbox 802 1686 836 1695; x_wconf 96' lang='lat'><em>-</em></span> <span class='ocrx_word' id='word_1_123' title='bbox 853 1655 972 1708; x_wconf 89' lang='lat' dir='ltr'>intutela</span> <span class='ocrx_word' id='word_1_124' title='bbox 992 1658 1018 1707; x_wconf 90' lang='lat' dir='ltr'>st</span> <span class='ocrx_word' id='word_1_125' title='bbox 1039 1655 1069 1708; x_wconf 81' lang='lat'>0.</span> <span class='ocrx_word' id='word_1_126' title='bbox 1100 1683 1133 1692; x_wconf 86' lang='lat'><strong>—</strong></span> <span class='ocrx_word' id='word_1_127' title='bbox 1174 1658 1217 1709; x_wconf 88' lang='grc'>76.</span> <span class='ocrx_word' id='word_1_128' title='bbox 1252 1657 1375 1712; x_wconf 79' lang='lat' dir='ltr'>Deleuit</span> 
     </span>
     <span class='ocr_line' id='line_1_14' title="bbox 161 1741 1374 1813; baseline 0.007 -20"><span class='ocrx_word' id='word_1_129' title='bbox 161 1744 244 1811; x_wconf 80' lang='lat' dir='ltr'>Gepp.</span> <span class='ocrx_word' id='word_1_130' title='bbox 264 1772 294 1781; x_wconf 93' lang='lat'>-</span> <span class='ocrx_word' id='word_1_131' title='bbox 317 1744 443 1813; x_wconf 82' lang='lat' dir='ltr'>exurgito</span> <span class='ocrx_word' id='word_1_132' title='bbox 457 1743 539 1796; x_wconf 82' lang='lat' dir='ltr'>BCD</span> <span class='ocrx_word' id='word_1_133' title='bbox 558 1773 591 1782; x_wconf 92' lang='lat'>—</span> <span class='ocrx_word' id='word_1_134' title='bbox 608 1743 740 1798; x_wconf 83' lang='lat' dir='ltr'>PLAVTI</span> <span class='ocrx_word' id='word_1_135' title='bbox 759 1743 1019 1799; x_wconf 77' lang='lat' dir='ltr'>TRVCVLENTVS</span> <span class='ocrx_word' id='word_1_136' title='bbox 1037 1741 1206 1795; x_wconf 85' lang='lat' dir='ltr'>EXPLICIT</span> <span class='ocrx_word' id='word_1_137' title='bbox 1224 1743 1374 1802; x_wconf 88' lang='lat' dir='ltr'>INCIPIT</span> 
     </span>
     <span class='ocr_line' id='line_1_15' title="bbox 155 1829 1335 1900; baseline 0.001 -15"><span class='ocrx_word' id='word_1_138' title='bbox 155 1830 357 1885; x_wconf 74' lang='lat' dir='ltr'>VIDI&#39;LARIA</span> <span class='ocrx_word' id='word_1_139' title='bbox 374 1831 575 1887; x_wconf 81' lang='lat' dir='ltr'>VIDVLARIA</span> <span class='ocrx_word' id='word_1_140' title='bbox 591 1831 627 1900; x_wconf 92' lang='lat' dir='ltr'>B,</span> <span class='ocrx_word' id='word_1_141' title='bbox 645 1830 778 1886; x_wconf 76' lang='lat' dir='ltr'>PLAVTI</span> <span class='ocrx_word' id='word_1_142' title='bbox 796 1830 1055 1887; x_wconf 79' lang='lat' dir='ltr'>TRVCVLENTVS</span> <span class='ocrx_word' id='word_1_143' title='bbox 1073 1829 1245 1884; x_wconf 83' lang='lat' dir='ltr'>EXPLICIT</span> <span class='ocrx_word' id='word_1_144' title='bbox 1264 1831 1335 1887; x_wconf 79' lang='lat' dir='ltr'>OD.</span> 
     </span>
    </p>
   </div>
   <div class='ocr_carea' id='block_1_4' title="bbox 155 2068 1371 3455">
    <p class='ocr_par' dir='ltr' id='par_1_4' title="bbox 155 2068 1371 3455">
     <span class='ocr_line' id='line_1_16' title="bbox 156 2068 1370 2142; baseline 0.002 -20"><span class='ocrx_word' id='word_1_145' title='bbox 156 2077 211 2123; x_wconf 79' lang='lat' dir='ltr'>stus</span> <span class='ocrx_word' id='word_1_146' title='bbox 230 2075 259 2122; x_wconf 90' lang='lat' dir='ltr'>ut</span> <span class='ocrx_word' id='word_1_147' title='bbox 276 2071 435 2142; x_wconf 76' lang='lat' dir='ltr'>aelcupatur.</span> <span class='ocrx_word' id='word_1_148' title='bbox 454 2073 512 2123; x_wconf 78' lang='lat' dir='ltr'>elne</span> <span class='ocrx_word' id='word_1_149' title='bbox 530 2087 571 2122; x_wconf 87' lang='lat' dir='ltr'>me</span> <span class='ocrx_word' id='word_1_150' title='bbox 588 2074 618 2122; x_wconf 86' lang='lat' dir='ltr'>ut</span> <span class='ocrx_word' id='word_1_151' title='bbox 637 2071 741 2140; x_wconf 79' lang='lat' dir='ltr'>occoepl</span> <span class='ocrx_word' id='word_1_152' title='bbox 770 2087 890 2124; x_wconf 88' lang='lat' dir='ltr'>amorem</span> <span class='ocrx_word' id='word_1_153' title='bbox 908 2071 1074 2140; x_wconf 85' lang='lat' dir='ltr'>promiserit.</span> <span class='ocrx_word' id='word_1_154' title='bbox 1093 2100 1125 2109; x_wconf 94' lang='lat'>-</span> <span class='ocrx_word' id='word_1_155' title='bbox 1145 2068 1309 2139; x_wconf 52' lang='lat' dir='ltr'>animated,</span> <span class='ocrx_word' id='word_1_156' title='bbox 1333 2076 1370 2131; x_wconf 73' lang='lat' dir='ltr'>cf.</span> 
     </span>
     <span class='ocr_line' id='line_1_17' title="bbox 159 2156 1367 2229; baseline 0.006 -20"><span class='ocrx_word' id='word_1_157' title='bbox 159 2156 238 2229; x_wconf 79' lang='lat' dir='ltr'>loqui,</span> <span class='ocrx_word' id='word_1_158' title='bbox 259 2157 308 2212; x_wconf 92' lang='lat' dir='ltr'>ubi</span> <span class='ocrx_word' id='word_1_159' title='bbox 321 2159 402 2212; x_wconf 87' lang='lat' dir='ltr'>etiam</span> <span class='ocrx_word' id='word_1_160' title='bbox 416 2158 482 2212; x_wconf 84' lang='lat' dir='ltr'>alias</span> <span class='ocrx_word' id='word_1_161' title='bbox 496 2160 531 2213; x_wconf 95' lang='lat' dir='ltr'>ob</span> <span class='ocrx_word' id='word_1_162' title='bbox 552 2176 647 2213; x_wconf 82' lang='lat' dir='ltr'>causas</span> <span class='ocrx_word' id='word_1_163' title='bbox 666 2159 741 2214; x_wconf 91' lang='lat' dir='ltr'>haud</span> <span class='ocrx_word' id='word_1_164' title='bbox 770 2159 846 2211; x_wconf 89' lang='lat' dir='ltr'>Asin.</span> <span class='ocrx_word' id='word_1_165' title='bbox 865 2159 913 2228; x_wconf 90' lang='lat' dir='ltr'>III,</span> <span class='ocrx_word' id='word_1_166' title='bbox 935 2163 957 2224; x_wconf 87' lang='lat'>1,</span> <span class='ocrx_word' id='word_1_167' title='bbox 977 2160 1001 2211; x_wconf 91' lang='grc'>2.</span> <span class='ocrx_word' id='word_1_168' title='bbox 1024 2190 1058 2200; x_wconf 91' lang='lat'><em>-</em></span> <span class='ocrx_word' id='word_1_169' title='bbox 1087 2156 1182 2227; x_wconf 82' lang='lat' dir='ltr'>sarias</span> <span class='ocrx_word' id='word_1_170' title='bbox 1208 2163 1239 2210; x_wconf 86' lang='lat' dir='ltr'>ut</span> <span class='ocrx_word' id='word_1_171' title='bbox 1260 2161 1367 2229; x_wconf 78' lang='lat' dir='ltr'>seiam,</span> 
     </span>
     <span class='ocr_line' id='line_1_18' title="bbox 156 2244 1328 2317; baseline -0.002 -15"><span class='ocrx_word' id='word_1_172' title='bbox 156 2247 240 2302; x_wconf 81' lang='lat' dir='ltr'>dubie</span> <span class='ocrx_word' id='word_1_173' title='bbox 258 2252 287 2299; x_wconf 88' lang='lat' dir='ltr'>ut</span> <span class='ocrx_word' id='word_1_174' title='bbox 299 2251 432 2317; x_wconf 71' lang='lat' dir='ltr'>melputur</span> <span class='ocrx_word' id='word_1_175' title='bbox 451 2248 591 2317; x_wconf 81' lang='lat' dir='ltr'>(nugatur)</span> <span class='ocrx_word' id='word_1_176' title='bbox 608 2265 741 2316; x_wconf 88' lang='lat' dir='ltr'>reponen-</span> <span class='ocrx_word' id='word_1_177' title='bbox 771 2247 806 2300; x_wconf 78' lang='lat' dir='ltr'>ef,</span> <span class='ocrx_word' id='word_1_178' title='bbox 826 2245 911 2299; x_wconf 78' lang='lat' dir='ltr'>Stich.</span> <span class='ocrx_word' id='word_1_179' title='bbox 931 2247 951 2314; x_wconf 85' lang='lat' dir='ltr'>I,</span> <span class='ocrx_word' id='word_1_180' title='bbox 970 2248 995 2316; x_wconf 98' lang='grc'>2,</span> <span class='ocrx_word' id='word_1_181' title='bbox 1013 2249 1061 2314; x_wconf 80' lang='lat'>913</span> <span class='ocrx_word' id='word_1_182' title='bbox 1080 2245 1154 2299; x_wconf 87' lang='lat' dir='ltr'>Trin.</span> <span class='ocrx_word' id='word_1_183' title='bbox 1174 2244 1194 2312; x_wconf 91' lang='grc' dir='ltr'>Ι,</span> <span class='ocrx_word' id='word_1_184' title='bbox 1215 2247 1240 2315; x_wconf 86' lang='grc'>2,</span> <span class='ocrx_word' id='word_1_185' title='bbox 1261 2250 1328 2303; x_wconf 88' lang='lat'><strong>137.</strong></span> 
     </span>
     <span class='ocr_line' id='line_1_19' title="bbox 156 2333 1371 2401; baseline 0.002 -13"><span class='ocrx_word' id='word_1_186' title='bbox 156 2336 230 2390; x_wconf 88' lang='lat' dir='ltr'>dum.</span> <span class='ocrx_word' id='word_1_187' title='bbox 805 2335 846 2386; x_wconf 75' lang='grc'>75,</span> <span class='ocrx_word' id='word_1_188' title='bbox 879 2333 1011 2401; x_wconf 83' lang='lat' dir='ltr'>plaudite.</span> <span class='ocrx_word' id='word_1_189' title='bbox 1039 2334 1084 2387; x_wconf 86' lang='lat' dir='ltr'>Sic</span> <span class='ocrx_word' id='word_1_190' title='bbox 1103 2333 1282 2388; x_wconf 84' lang='lat' dir='ltr'>scribendum</span> <span class='ocrx_word' id='word_1_191' title='bbox 1305 2344 1371 2394; x_wconf 84' lang='lat' dir='ltr'>erat</span> 
     </span>
     <span class='ocr_line' id='line_1_20' title="bbox 191 2420 1370 2490; baseline -0.001 -17"><span class='ocrx_word' id='word_1_192' title='bbox 191 2428 233 2479; x_wconf 87' lang='lat'>73.</span> <span class='ocrx_word' id='word_1_193' title='bbox 272 2427 299 2474; x_wconf 91' lang='lat' dir='ltr'>ut</span> <span class='ocrx_word' id='word_1_194' title='bbox 328 2421 431 2484; x_wconf 83' lang='lat' dir='ltr'>labeo,</span> <span class='ocrx_word' id='word_1_195' title='bbox 469 2425 616 2490; x_wconf 85' lang='lat' dir='ltr'>postquam</span> <span class='ocrx_word' id='word_1_196' title='bbox 645 2421 742 2474; x_wconf 85' lang='lat' dir='ltr'>habeo.</span> <span class='ocrx_word' id='word_1_197' title='bbox 770 2438 859 2489; x_wconf 88' lang='lat' dir='ltr'>neque</span> <span class='ocrx_word' id='word_1_198' title='bbox 868 2421 1026 2474; x_wconf 89' lang='lat' dir='ltr'>Plautinum</span> <span class='ocrx_word' id='word_1_199' title='bbox 1038 2425 1079 2475; x_wconf 87' lang='lat' dir='ltr'>est</span> <span class='ocrx_word' id='word_1_200' title='bbox 1092 2420 1264 2490; x_wconf 85' lang='lat' dir='ltr'>adplaudere.</span> <span class='ocrx_word' id='word_1_201' title='bbox 1287 2423 1370 2481; x_wconf 73' lang='lat' dir='ltr'>Male</span> 
     </span>
     <span class='ocr_line' id='line_1_21' title="bbox 156 2508 1367 2578; baseline -0.001 -13"><span class='ocrx_word' id='word_1_202' title='bbox 156 2511 297 2565; x_wconf 81' lang='lat' dir='ltr'>Sententia</span> <span class='ocrx_word' id='word_1_203' title='bbox 326 2511 394 2563; x_wconf 85' lang='lat' dir='ltr'>haee</span> <span class='ocrx_word' id='word_1_204' title='bbox 425 2511 479 2561; x_wconf 86' lang='lat' dir='ltr'>est:</span> <span class='ocrx_word' id='word_1_205' title='bbox 515 2509 664 2576; x_wconf 86' lang='lat' dir='ltr'>Postquam</span> <span class='ocrx_word' id='word_1_206' title='bbox 693 2526 743 2561; x_wconf 88' lang='lat' dir='ltr'>uos</span> <span class='ocrx_word' id='word_1_207' title='bbox 772 2509 845 2562; x_wconf 91' lang='lat' dir='ltr'>enim</span> <span class='ocrx_word' id='word_1_208' title='bbox 863 2508 967 2578; x_wconf 84' lang='lat' dir='ltr'>legitur</span> <span class='ocrx_word' id='word_1_209' title='bbox 983 2510 1057 2562; x_wconf 91' lang='lat' dir='ltr'>Men.</span> <span class='ocrx_word' id='word_1_210' title='bbox 1075 2509 1108 2576; x_wconf 85' lang='lat' dir='ltr'>V,</span> <span class='ocrx_word' id='word_1_211' title='bbox 1127 2512 1152 2575; x_wconf 87' lang='grc'>9,</span> <span class='ocrx_word' id='word_1_212' title='bbox 1175 2511 1241 2561; x_wconf 83' lang='grc' dir='ltr'>11οε</span> <span class='ocrx_word' id='word_1_213' title='bbox 1268 2514 1295 2561; x_wconf 86' lang='lat' dir='ltr'>et</span> <span class='ocrx_word' id='word_1_214' title='bbox 1317 2531 1367 2566; x_wconf 86' lang='lat' dir='ltr'>no-</span> 
     </span>
     <span class='ocr_line' id='line_1_22' title="bbox 155 2595 1368 2670; baseline 0.001 -18"><span class='ocrx_word' id='word_1_215' title='bbox 155 2598 224 2652; x_wconf 92' lang='lat' dir='ltr'>mihi</span> <span class='ocrx_word' id='word_1_216' title='bbox 247 2597 390 2665; x_wconf 83' lang='lat' dir='ltr'>largiendo</span> <span class='ocrx_word' id='word_1_217' title='bbox 412 2596 514 2649; x_wconf 86' lang='lat' dir='ltr'>bonam</span> <span class='ocrx_word' id='word_1_218' title='bbox 538 2613 649 2664; x_wconf 84' lang='lat' dir='ltr'>operam</span> <span class='ocrx_word' id='word_1_219' title='bbox 667 2596 743 2649; x_wconf 82' lang='lat' dir='ltr'>dedi·</span> <span class='ocrx_word' id='word_1_220' title='bbox 773 2595 812 2647; x_wconf 80' lang='lat' dir='ltr'>bis</span> <span class='ocrx_word' id='word_1_221' title='bbox 832 2596 904 2647; x_wconf 81' lang='lat' dir='ltr'>clare</span> <span class='ocrx_word' id='word_1_222' title='bbox 922 2595 1084 2664; x_wconf 76' lang='lat' dir='ltr'>applaudite,</span> <span class='ocrx_word' id='word_1_223' title='bbox 1105 2595 1368 2670; x_wconf 83' lang='lat' dir='ltr'>ubieod.Bs01ip·</span> 
     </span>
     <span class='ocr_line' id='line_1_23' title="bbox 157 2682 1367 2756; baseline -0.003 -17"><span class='ocrx_word' id='word_1_224' title='bbox 157 2687 221 2754; x_wconf 85' lang='lat' dir='ltr'>stis,</span> <span class='ocrx_word' id='word_1_225' title='bbox 254 2702 304 2754; x_wconf 82' lang='lat' dir='ltr'>ego</span> <span class='ocrx_word' id='word_1_226' title='bbox 328 2701 437 2753; x_wconf 89' lang='lat' dir='ltr'>queque</span> <span class='ocrx_word' id='word_1_227' title='bbox 455 2682 528 2736; x_wconf 89' lang='lat' dir='ltr'>iuter</span> <span class='ocrx_word' id='word_1_228' title='bbox 547 2684 641 2752; x_wconf 88' lang='lat' dir='ltr'>epulas</span> <span class='ocrx_word' id='word_1_229' title='bbox 659 2686 742 2750; x_wconf 89' lang='lat' dir='ltr'>atque</span> <span class='ocrx_word' id='word_1_230' title='bbox 771 2685 847 2735; x_wconf 88' lang='lat' dir='ltr'>tura:</span> <span class='ocrx_word' id='word_1_231' title='bbox 874 2687 899 2734; x_wconf 86' lang='lat' dir='ltr'>et</span> <span class='ocrx_word' id='word_1_232' title='bbox 916 2682 991 2735; x_wconf 83' lang='lat' dir='ltr'>nobie</span> <span class='ocrx_word' id='word_1_233' title='bbox 1011 2684 1083 2735; x_wconf 81' lang='lat' dir='ltr'>clare</span> <span class='ocrx_word' id='word_1_234' title='bbox 1101 2684 1165 2736; x_wconf 84' lang='lat' dir='ltr'>dare</span> <span class='ocrx_word' id='word_1_235' title='bbox 1181 2683 1306 2752; x_wconf 77' lang='lat' dir='ltr'>plaudite</span> <span class='ocrx_word' id='word_1_236' title='bbox 1326 2688 1367 2756; x_wconf 85' lang='lat' dir='ltr'>(h,</span> 
     </span>
     <span class='ocr_line' id='line_1_24' title="bbox 157 2762 1367 2840; baseline -0.01 -12"><span class='ocrx_word' id='word_1_237' title='bbox 157 2790 262 2828; x_wconf 83' lang='lat' dir='ltr'>amores</span> <span class='ocrx_word' id='word_1_238' title='bbox 280 2772 359 2826; x_wconf 88' lang='lat' dir='ltr'>uobis</span> <span class='ocrx_word' id='word_1_239' title='bbox 378 2771 555 2826; x_wconf 81' lang='lat' dir='ltr'>satisfaciam.</span> <span class='ocrx_word' id='word_1_240' title='bbox 578 2800 604 2809; x_wconf 93' lang='lat'>—</span> <span class='ocrx_word' id='word_1_241' title='bbox 625 2773 681 2822; x_wconf 65' lang='lat' dir='ltr'>reru</span> <span class='ocrx_word' id='word_1_242' title='bbox 695 2769 741 2822; x_wconf 82' lang='lat' dir='ltr'>lu·</span> <span class='ocrx_word' id='word_1_243' title='bbox 772 2787 795 2824; x_wconf 90' lang='lat' dir='ltr'>e.</span> <span class='ocrx_word' id='word_1_244' title='bbox 814 2775 838 2822; x_wconf 85' lang='lat' dir='ltr'>et</span> <span class='ocrx_word' id='word_1_245' title='bbox 855 2769 930 2823; x_wconf 79' lang='lat' dir='ltr'>uobis</span> <span class='ocrx_word' id='word_1_246' title='bbox 950 2762 1023 2823; x_wconf 85' lang='lat' dir='ltr'>elure¹</span> <span class='ocrx_word' id='word_1_247' title='bbox 1041 2772 1113 2824; x_wconf 85' lang='lat' dir='ltr'>clare</span> <span class='ocrx_word' id='word_1_248' title='bbox 1126 2769 1258 2839; x_wconf 81' lang='lat' dir='ltr'>plaudite)</span> <span class='ocrx_word' id='word_1_249' title='bbox 1277 2773 1367 2840; x_wconf 66' lang='lat' dir='ltr'>plau.</span> 
     </span>
     <span class='ocr_line' id='line_1_25' title="bbox 158 2857 1367 2927; baseline 0.002 -13"><span class='ocrx_word' id='word_1_250' title='bbox 158 2861 203 2914; x_wconf 80' lang='lat' dir='ltr'>deo</span> <span class='ocrx_word' id='word_1_251' title='bbox 221 2878 284 2914; x_wconf 88' lang='lat' dir='ltr'>eum</span> <span class='ocrx_word' id='word_1_252' title='bbox 302 2860 388 2914; x_wconf 86' lang='lat' dir='ltr'>hiatu.</span> <span class='ocrx_word' id='word_1_253' title='bbox 773 2857 824 2911; x_wconf 80' lang='lat' dir='ltr'>dita</span> <span class='ocrx_word' id='word_1_254' title='bbox 836 2861 1024 2927; x_wconf 87' lang='lat' dir='ltr'>reponendum</span> <span class='ocrx_word' id='word_1_255' title='bbox 1036 2861 1239 2914; x_wconf 85' lang='lat' dir='ltr'>essedooemnr.</span> <span class='ocrx_word' id='word_1_256' title='bbox 1257 2859 1367 2916; x_wconf 81' lang='lat' dir='ltr'>Bacch.</span> 
     </span>
     <span class='ocr_line' id='line_1_26' title="bbox 192 2942 1366 3020; baseline 0.003 -20"><span class='ocrx_word' id='word_1_257' title='bbox 192 2951 235 3002; x_wconf 84' lang='grc'>74.</span> <span class='ocrx_word' id='word_1_258' title='bbox 272 2949 352 3000; x_wconf 81' lang='lat' dir='ltr'>Intro</span> <span class='ocrx_word' id='word_1_259' title='bbox 370 2947 442 3001; x_wconf 81' lang='lat' dir='ltr'>abeo.</span> <span class='ocrx_word' id='word_1_260' title='bbox 479 2946 577 3015; x_wconf 81' lang='lat' dir='ltr'>Gepp.:</span> <span class='ocrx_word' id='word_1_261' title='bbox 608 2942 743 2996; x_wconf 78' lang='lat' dir='ltr'>Remeabo</span> <span class='ocrx_word' id='word_1_262' title='bbox 771 2947 803 3014; x_wconf 80' lang='lat' dir='ltr'>V,</span> <span class='ocrx_word' id='word_1_263' title='bbox 828 2948 852 3014; x_wconf 85' lang='grc'>2,</span> <span class='ocrx_word' id='word_1_264' title='bbox 877 2950 911 3001; x_wconf 85' lang='grc'>93</span> <span class='ocrx_word' id='word_1_265' title='bbox 940 2948 997 3000; x_wconf 88' lang='lat' dir='ltr'>iam</span> <span class='ocrx_word' id='word_1_266' title='bbox 1026 2947 1199 3001; x_wconf 87' lang='lat' dir='ltr'>Hermannus</span> <span class='ocrx_word' id='word_1_267' title='bbox 1230 2951 1366 3020; x_wconf 84' lang='lat' dir='ltr'>correxit,</span> 
     </span>
     <span class='ocr_line' id='line_1_27' title="bbox 158 3030 1269 3104; baseline -0.005 -14"><span class='ocrx_word' id='word_1_268' title='bbox 158 3037 193 3090; x_wconf 82' lang='lat' dir='ltr'>de</span> <span class='ocrx_word' id='word_1_269' title='bbox 211 3053 264 3104; x_wconf 92' lang='lat' dir='ltr'>quo</span> <span class='ocrx_word' id='word_1_270' title='bbox 289 3035 359 3090; x_wconf 84' lang='lat' dir='ltr'>eonf.</span> <span class='ocrx_word' id='word_1_271' title='bbox 378 3035 460 3104; x_wconf 81' lang='lat' dir='ltr'>Epid.</span> <span class='ocrx_word' id='word_1_272' title='bbox 479 3035 511 3102; x_wconf 90' lang='lat' dir='ltr'>V,</span> <span class='ocrx_word' id='word_1_273' title='bbox 532 3037 555 3100; x_wconf 90' lang='lat'>1,</span> <span class='ocrx_word' id='word_1_274' title='bbox 577 3033 619 3086; x_wconf 84' lang='lat'>55.</span> <span class='ocrx_word' id='word_1_275' title='bbox 648 3060 683 3071; x_wconf 94' lang='lat'><em>-</em></span> <span class='ocrx_word' id='word_1_276' title='bbox 718 3030 744 3083; x_wconf 77' lang='lat' dir='ltr'>ai</span> <span class='ocrx_word' id='word_1_277' title='bbox 770 3033 892 3101; x_wconf 87' lang='lat' dir='ltr'>itemque</span> <span class='ocrx_word' id='word_1_278' title='bbox 910 3035 1017 3104; x_wconf 84' lang='lat' dir='ltr'>corrige</span> <span class='ocrx_word' id='word_1_279' title='bbox 1031 3035 1128 3089; x_wconf 88' lang='lat' dir='ltr'>Pseud.</span> <span class='ocrx_word' id='word_1_280' title='bbox 1141 3035 1173 3102; x_wconf 78' lang='lat' dir='ltr'>V,</span> <span class='ocrx_word' id='word_1_281' title='bbox 1189 3037 1213 3101; x_wconf 89' lang='grc'>2,</span> <span class='ocrx_word' id='word_1_282' title='bbox 1228 3037 1269 3088; x_wconf 87' lang='grc'>33.</span> 
     </span>
     <span class='ocr_line' id='line_1_28' title="bbox 157 3120 1366 3194; baseline 0.003 -19"><span class='ocrx_word' id='word_1_283' title='bbox 157 3123 223 3194; x_wconf 78' lang='lat' dir='ltr'>quid</span> <span class='ocrx_word' id='word_1_284' title='bbox 240 3122 382 3176; x_wconf 80' lang='lat' dir='ltr'>auimatue’</span> <span class='ocrx_word' id='word_1_285' title='bbox 391 3125 499 3193; x_wconf 80' lang='lat' dir='ltr'>secere,</span> <span class='ocrx_word' id='word_1_286' title='bbox 520 3120 617 3175; x_wconf 86' lang='lat' dir='ltr'>simeo</span> <span class='ocrx_word' id='word_1_287' title='bbox 631 3136 744 3188; x_wconf 80' lang='lat' dir='ltr'>corpore</span> <span class='ocrx_word' id='word_1_288' title='bbox 810 3124 852 3175; x_wconf 88' lang='lat'>76.</span> <span class='ocrx_word' id='word_1_289' title='bbox 888 3121 946 3174; x_wconf 82' lang='lat' dir='ltr'>Aut</span> <span class='ocrx_word' id='word_1_290' title='bbox 963 3122 1061 3176; x_wconf 85' lang='lat' dir='ltr'>histm&#39;o</span> <span class='ocrx_word' id='word_1_291' title='bbox 1080 3127 1128 3176; x_wconf 87' lang='lat' dir='ltr'>aut</span> <span class='ocrx_word' id='word_1_292' title='bbox 1139 3122 1271 3175; x_wconf 86' lang='lat' dir='ltr'>librarius</span> <span class='ocrx_word' id='word_1_293' title='bbox 1284 3121 1366 3179; x_wconf 85' lang='lat' dir='ltr'>hune</span> 
     </span>
     <span class='ocr_line' id='line_1_29' title="bbox 157 3207 1364 3280; baseline 0 -16"><span class='ocrx_word' id='word_1_294' title='bbox 157 3211 213 3264; x_wconf 85' lang='lat' dir='ltr'>frui</span> <span class='ocrx_word' id='word_1_295' title='bbox 231 3212 273 3265; x_wconf 85' lang='lat' dir='ltr'>uis</span> <span class='ocrx_word' id='word_1_296' title='bbox 302 3211 505 3279; x_wconf 87' lang='lat' dir='ltr'>(ef.Baoeh.I,</span> <span class='ocrx_word' id='word_1_297' title='bbox 526 3213 548 3277; x_wconf 88' lang='lat'>1,</span> <span class='ocrx_word' id='word_1_298' title='bbox 569 3208 632 3276; x_wconf 82' lang='grc'>23),</span> <span class='ocrx_word' id='word_1_299' title='bbox 662 3207 745 3259; x_wconf 86' lang='lat' dir='ltr'>simu·</span> <span class='ocrx_word' id='word_1_300' title='bbox 772 3223 882 3261; x_wconf 87' lang='lat' dir='ltr'>uersum</span> <span class='ocrx_word' id='word_1_301' title='bbox 901 3209 1020 3279; x_wconf 83' lang='lat' dir='ltr'>addidit,</span> <span class='ocrx_word' id='word_1_302' title='bbox 1052 3211 1099 3279; x_wconf 89' lang='lat' dir='ltr'>qui</span> <span class='ocrx_word' id='word_1_303' title='bbox 1116 3214 1294 3280; x_wconf 77' lang='lat' dir='ltr'>spectatorum</span> <span class='ocrx_word' id='word_1_304' title='bbox 1313 3230 1364 3266; x_wconf 90' lang='lat' dir='ltr'>uo-</span> 
     </span>
     <span class='ocr_line' id='line_1_30' title="bbox 158 3295 1365 3368; baseline 0.002 -16"><span class='ocrx_word' id='word_1_305' title='bbox 158 3300 251 3367; x_wconf 89' lang='lat' dir='ltr'>latque</span> <span class='ocrx_word' id='word_1_306' title='bbox 274 3298 474 3368; x_wconf 87' lang='lat' dir='ltr'>postulaueris,</span> <span class='ocrx_word' id='word_1_307' title='bbox 507 3296 559 3350; x_wconf 90' lang='lat' dir='ltr'>tibi</span> <span class='ocrx_word' id='word_1_308' title='bbox 588 3295 743 3350; x_wconf 81' lang='lat' dir='ltr'>concedam.</span> <span class='ocrx_word' id='word_1_309' title='bbox 773 3296 902 3349; x_wconf 81' lang='lat' dir='ltr'>sabulum</span> <span class='ocrx_word' id='word_1_310' title='bbox 929 3297 1111 3352; x_wconf 59' lang='lat' dir='ltr'>desiderabat,</span> <span class='ocrx_word' id='word_1_311' title='bbox 1173 3299 1215 3351; x_wconf 89' lang='lat' dir='ltr'>De</span> <span class='ocrx_word' id='word_1_312' title='bbox 1240 3299 1267 3350; x_wconf 86' lang='grc' dir='ltr'><em>Α</em></span> <span class='ocrx_word' id='word_1_313' title='bbox 1296 3298 1365 3354; x_wconf 86' lang='lat' dir='ltr'>uide</span> 
     </span>
     <span class='ocr_line' id='line_1_31' title="bbox 158 3383 982 3455; baseline -0.004 -14"><span class='ocrx_word' id='word_1_314' title='bbox 158 3387 284 3441; x_wconf 84' lang='lat' dir='ltr'>Strabaei</span> <span class='ocrx_word' id='word_1_315' title='bbox 312 3386 381 3441; x_wconf 87' lang='lat' dir='ltr'>haee</span> <span class='ocrx_word' id='word_1_316' title='bbox 410 3386 498 3455; x_wconf 87' lang='lat' dir='ltr'>dicit,</span> <span class='ocrx_word' id='word_1_317' title='bbox 534 3387 566 3438; x_wconf 89' lang='lat' dir='ltr'>ut</span> <span class='ocrx_word' id='word_1_318' title='bbox 592 3384 636 3438; x_wconf 91' lang='lat' dir='ltr'>eui</span> <span class='ocrx_word' id='word_1_319' title='bbox 658 3383 745 3452; x_wconf 89' lang='lat' dir='ltr'>priori</span> <span class='ocrx_word' id='word_1_320' title='bbox 773 3385 982 3452; x_wconf 88' lang='lat' dir='ltr'>praefationem.</span> 
     </span>
    </p>
   </div>
   <div class='ocr_carea' id='block_1_5' title="bbox 0 0 1486 4852">
    <p class='ocr_par' dir='ltr' id='par_1_5' title="bbox 0 0 1486 4852">
     <span class='ocr_line' id='line_1_32' title="bbox 0 0 1486 4852; baseline 0 0"><span class='ocrx_word' id='word_1_321' title='bbox 0 0 1486 4852; x_wconf 95' lang='lat' dir='ltr'> </span> 
     </span>
    </p>
   </div>
  </div>
 </body>
</html>
