2956 4852
128 320 182 400 lv,
206 324 235 401 2,
258 324 393 406 52-61.
621 341 837 388 invasam.
927 296 934 314 ‘
1157 405 1160 409 ‚
1218 322 1327 384 rios

171 506 236 570 Noc
258 506 337 570 mihi
359 505 460 586 adest,
483 506 524 570 ad
547 506 649 570 hilum
670 507 762 590 pensi
784 505 848 569 iam
870 526 933 589 quo
956 506 1080 589 capiam
1103 505 1235 569 calceos.

171 606 234 672 sod
256 609 334 692 quid
355 629 413 690 ego
436 607 489 672 hic
510 607 634 672 clamo?
661 607 739 690 quid
762 607 789 670 si
810 627 861 671 ms
882 606 993 672 iiibcat
1014 607 1243 672 intromittier‘?

173 709 343 793 conceptis
365 731 416 773 mo
438 709 504 774 non
526 709 687 773 facturum
709 708 816 791 uirbis
838 710 940 773 iurem
963 709 990 772 si
1011 709 1100 773 uelit.

170 811 282 894 Nigao
306 816 395 875 sunt:
420 812 447 874 si
470 811 616 875 stimulos
638 812 753 894 pugnis
776 808 892 891 caidis,
914 810 1062 874 manibus
1083 808 1155 900 plis
1176 809 1270 873 dolet.
1304 855 1307 859 «
1346 819 1379 872 55

171 911 219 1003 Dis
241 912 340 1003 nihilo
362 912 486 978 nihilist
506 913 612 992 irasci,
634 911 717 997 quat
739 917 772 976 to
792 912 858 976 non
880 911 971 976 flocci
991 911 1078 990 facit.

171 1012 234 1078 scd
258 1012 335 1097 quid
357 1015 427 1078 est?
447 1035 506 1097 pro
529 1014 563 1077 di
585 1013 780 1093 inmortales,
804 1012 966 1103 Calliclem
988 1003 1214 1079 nideosenem
1248 1005 1251 1011 ’

172 1112 263 1179 Mons
286 1115 342 1198 qui
364 1114 481 1179 adfinis
502 1115 565 1178 fois
587 1115 720 1179 ancillas
743 1115 822 1180 duas
845 1117 1033 1180 constrictas
1055 1117 1180 1194 dicere,

170 1212 323 1287 ‘Alteram
345 1217 461 1301 [illam]
484 1215 672 1282 tonstricem
694 1217 798 1298 huius,
819 1217 957 1282 alteram
979 1216 1127 1282 ancilltm
1150 1236 1250 1281 suam.

172 1318 346 1384 Post-imni:
370 1324 541 1403 postquam
561 1319 627 1384 ima
648 1339 726 1394 cura
748 1318 803 1383 cor
824 1340 929 1383 mcum
953 1320 1055 1384 mouit
1076 1319 1180 1398 modo,
1347 1339 1381 1391 so

172 1421 290 1500 Timeo,
313 1443 352 1486 no
370 1420 545 1518 (malefacta
570 1422 705 1504 antiqua
727 1420 799 1485 msa
821 1422 887 1485 sint
907 1423 1040 1485 inuenta
1063 1409 1179 1485 omnia.

131 1593 173 1643 52.
200 1592 253 1644 ado
272 1590 333 1643 add.
349 1590 394 1643 Do
414 1621 445 1631 -
466 1591 502 1644 ad
519 1591 607 1644 hilum
624 1589 706 1646 Acid.
728 1587 794 1659 (nisi
809 1590 880 1660 quod
895 1609 946 1645 om.
966 1591 1020 1661 ad),
1039 1591 1126 1645 adillii
1145 1590 1180 1660 B,
1200 1591 1235 1644 od
1251 1590 1331 1642 illum

133 1678 185 1731 01)
203 1711 236 1720 -
255 1695 309 1746 qao
327 1679 440 1747 Speos:
461 1695 528 1746 quos
547 1679 638 1731 BOD.
658 1707 690 1715 -
727 1679 770 1732 53.
801 1677 875 1731 intro
893 1678 1001 1732 mittiar
1020 1680 1062 1747 B,
1081 1677 1252 1731 intromittar
1270 1694 1330 1728 cum
1370 1673 1372 1678 '

130 1771 199 1834 spat.
226 1766 249 1819 0
261 1807 267 1834 ,
297 1765 479 1818 intromittiar
496 1765 547 1819 Da
570 1795 605 1804 -
641 1766 683 1817 54.
714 1765 807 1819 uerbis
824 1765 912 1818 iurem
930 1766 953 1819 si
971 1767 1040 1820 nolit
1055 1767 1149 1822 Com:
1180 1765 1259 1817 nerui
1276 1764 1331 1816 siri

128 1852 222 1906 silsuit
245 1849 330 1906 B'OD
360 1852 415 1906 nisi
438 1854 509 1922 quod
535 1854 617 1907 sirsm
648 1851 699 1906 01)
722 1857 747 1906 ot
774 1851 867 1905 silcuit
898 1852 926 1906 0.
971 1883 1003 1894 -
1053 1855 1094 1906 55.
1132 1851 1213 1920 Nugo
1240 1851 1267 1903 B
1300 1878 1327 1891 -

130 1940 205 1994 cedis
223 1941 266 2010 B,
297 1939 376 1996 Cedis
397 1939 435 2008 0,
466 1941 546 2007 Codis
564 1941 602 1994 D.
632 1970 667 2002 -ss
714 1942 756 1994 56.
798 1940 906 1993 nihilist
933 1940 1048 2009 ὅμηρα
1082 1940 1153 1993 nihil
1183 1942 1226 1991 ost
1251 1936 1332 1990 BCD

131 2058 163 2067 -
195 2045 247 2095 que
264 2028 300 2080 B.
330 2057 363 2066 -
400 2030 441 2080 57.
473 2032 515 2082 ost
533 2028 572 2098 B,
603 2027 657 2081 hoc
675 2031 718 2080 est
738 2028 773 2096 0,
804 2028 831 2080 h'
850 2030 892 2080 cst
910 2028 940 2079 D
958 2055 990 2067 -
1009 2014 1177 2101 immortales
1195 2024 1279 2078 1301)
1297 2055 1329 2063 -

131 2114 259 2168 callidem
285 2113 342 2182 (sio)
371 2114 452 2168 uideo
479 2131 572 2168 aonam
592 2116 628 2183 Z,
659 2115 805 2169 calictsnui
830 2116 958 2169 desonem
976 2115 1060 2167 BCD
1085 2115 1147 2168 nisi
1161 2114 1232 2183 quod
1251 2113 1332 2167 calic—
1435 2128 1438 2136 ¹

131 2203 209 2254 teniu
227 2202 265 2254 D.
296 2233 328 2240 -
367 2205 408 2255 58.
429 2203 462 2255 59
488 2201 536 2253 too
554 2200 648 2252 ordine
672 2204 752 2255 Grot.
771 2201 861 2266 Acta,
882 2202 987 2255 inuersa
1007 2202 1079 2256 libri.
1110 2232 1144 2240 -
1181 2204 1222 2255 58.
1253 2201 1332 2254 Meus

131 2289 230 2357 qui-Z,
249 2289 360 2357 Mousq3
380 2290 414 2357 B,
432 2306 509 2341 meus
527 2305 582 2356 qus
598 2291 625 2357 0,
645 2306 742 2356 msusq
762 2288 791 2340 D
810 2285 927 2343 -Fuit
942 2288 1001 2359 01),
1020 2307 1072 2342 orn.
1089 2289 1123 2343 B.
1143 2319 1175 2329 —
1213 2291 1255 2342 59.
1286 2288 1331 2341 Al·
1415 2327 1418 2335 ,

131 2379 220 2428 teram
244 2375 322 2428 illam
347 2377 456 2444 Spano:
488 2376 613 2450 Alteram
631 2375 716 2429 1301>
745 2406 778 2415 —
810 2383 905 2444 sunam
927 2377 958 2430 0.
988 2406 1022 2415 —
1059 2380 1100 2430 60.
1133 2393 1200 2429 cura
1225 2393 1277 2429 om.
1296 2375 1332 2429 B.

135 2496 163 2505 -
202 2467 245 2518 61.
274 2481 310 2516 ne
331 2464 422 2521 Cam.‚·
441 2480 521 2516 nome
539 2464 604 2533 BD,
622 2481 658 2516 ne
675 2480 719 2516 me
736 2462 759 2516 0
777 2495 809 2504 -
828 2466 884 2517 sint
899 2463 1014 2518 inuenta
1027 2463 1126 2521 Asia,-
1147 2464 1205 2516 sinc
1222 2462 1333 2516 incenia

32 2593 37 2598 .
133 2551 168 2618 B,
187 2551 246 2603 sinc
262 2551 403 2605 inueniam
424 2555 452 2619 0,
471 2552 530 2605 sine
547 2551 656 2604 inuenit
675 2551 713 2604 D.

168 2742 210 2794 5⁴2.
247 2759 306 2809 quo,
322 2759 376 2810 quo
389 2745 512 2811 argento.
531 2741 623 2794 Possis
636 2740 720 2794 etiam
783 2742 825 2794 58.
860 2739 959 2810 celsima
972 2738 1043 2808 suit,
1065 2740 1130 2808 quia
1143 2740 1200 2794 eius
1218 2739 1275 2793 filia
1286 2739 1333 2792 Di-

132 2825 187 2895 qui.
558 2845 560 2848 ’
747 2827 861 2881 niarcho
886 2828 1023 2895 desponsa
1045 2827 1136 2880 lucrat
1161 2828 1216 2896 (IV,
1236 2831 1260 2896 3,
1280 2826 1333 2895 51).

167 2917 210 2968 55.
245 2915 305 2967 Hoc
324 2915 407 2969 dicit:
435 2916 474 2969 At
492 2931 542 2984 ego
563 2915 586 2965 si
604 2913 720 2966 introire
748 2914 783 2966 cf.
802 2914 864 2967 Aul.
883 2915 931 2982 111,
951 2917 975 2982 4,
998 2915 1173 2984 145inf.1v‚
1194 2921 1218 2984 3,
1237 2919 1279 2968 74.

131 3003 221 3056 iussus
240 3020 295 3055 non
306 2979 450 3071 introeam,
469 3019 525 3056 non
537 3001 719 3054 Phronesium
784 3005 826 3056 60.
861 3003 1011 3071 Postquam
1024 3002 1077 3056 hoc
1089 3020 1174 3056 unum
1186 3004 1258 3056 male
1272 3018 1333 3054 eue-

133 3086 180 3143 sed
198 3107 243 3143 mo
261 3090 321 3158 ipse
340 3091 482 3159 castigem.
512 3089 590 3142 Idsm
607 3105 719 3156 proucr·
735 3083 790 3142 ¹nit
813 3091 850 3158 (h.
869 3107 891 3143 e.
915 3093 1062 3158 postquam
1085 3092 1266 3144 Phronesium
1290 3106 1334 3143 mo

94 3200 98 3206 ·
133 3179 210 3231 bium
228 3182 270 3231 ost
292 3179 366 3246 apud
383 3178 445 3231 Ter.
463 3176 574 3230 Phonm.
593 3176 615 3244 l,
634 3177 658 3243 2,
676 3177 718 3228 28.
748 3178 891 3246 exclusit),
921 3179 1006 3231 timeo
1034 3194 1069 3230 ne
1093 3180 1199 3246 reliqua
1227 3194 1335 3246 quoquo

168 3268 210 3319 56.
247 3265 290 3317 De
320 3264 406 3318 siloa
419 3305 426 3330 ,
461 3264 541 3318 Cure.
559 3264 605 3326 IV,
626 3267 649 3332 l,
672 3266 718 3316 17:
748 3266 840 3319 omnia
857 3267 1107 3341 maloprocedant.

133 3352 164 3404 de
181 3351 265 3405 nitito
283 3338 375 3405 dicunt
394 3351 589 3406 contumeliam.
615 3381 648 3389 -
679 3347 719 3403 ni-

133 3439 215 3501 hilist,
237 3441 335 3493 inutile
353 3444 402 3493 est.
432 3475 437 3480 -
