2956 4852
161 310 204 372 48
379 365 382 370 .
702 327 817 368 rmum.
1108 302 1151 383 II,
1174 304 1203 382 2,
1226 303 1365 367 45-51.

35 569 37 572 .
110 514 146 568 44
291 491 393 557 Nemo
415 489 510 556 hemo
531 489 584 555 hic
606 488 688 555 solet
708 491 812 573 perire
834 490 913 574 spuit
934 509 1008 555 nos:
1030 507 1083 553 res
1104 487 1245 573 perduint
1267 507 1350 553 suas.

290 589 360 659 'vbi
383 614 434 658 res
456 591 633 676 perdidere,
654 591 743 657 abire
763 591 839 657 hine
860 593 887 658 si
908 592 1022 657 uolunt
1043 590 1143 656 saluis
1165 589 1249 654 licet.

290 691 368 779 ‘Ego
389 696 580 760 istunc-non
601 693 678 759 noui
699 693 936 759 adulescentem
957 693 1114 760 uestrum.

999 794 1062 860 Str.
1085 793 1214 863 Veron?

1128 897 1195 960 Ast.
1219 892 1319 958 Serio.

200 1001 264 1067 sur.
292 1000 375 1080 Quid
397 999 536 1064 maceria
556 997 615 1062 illa
636 997 683 1062 ait
703 999 737 1062 in
760 997 854 1063 horto
876 996 990 1082 quaest
1011 1019 1093 1082 quae
1115 998 1148 1062 in
1170 1001 1279 1061 nectes
1301 994 1367 1059 sin-

1232 1097 1325 1182 gulas

293 1203 408 1276 Latere
429 1201 467 1266 fit
487 1200 602 1283 min6r,
625 1204 731 1286 queis
747 1203 789 1268 ad
804 1225 862 1268 uos
878 1201 1003 1266 damnis
1018 1198 1220 1285 permensust
1234 1197 1345 1263 uiam?

113 1327 149 1378 so
202 1307 268 1371 Ast.
293 1304 381 1370 Nihil
403 1304 520 1368 mirum
544 1343 582 1353 -
607 1309 701 1368 uetus
729 1305 778 1370 est
805 1304 946 1370 maceria
971 1342 1013 1354 —
1041 1303 1158 1368 lateres
1185 1302 1212 1366 si
1241 1297 1367 1364 ueteres

1218 1407 1325 1467 ruunt.

201 1508 265 1575 Str.
293 1509 363 1573 Ain·
377 1513 412 1573 tu
436 1526 513 1571 uero
534 1504 661 1571 ueteres
683 1507 800 1572 lateres
822 1508 938 1573 ruere?
959 1526 1134 1590 numquam
1155 1504 1268 1588 edepcl
1288 1502 1367 1568 mihi

164 1750 207 1801 46.
238 1746 325 1802 Nemo
343 1748 425 1802 homo
445 1749 485 1816 A,
507 1745 595 1801 Nemo
613 1746 752 1802 hominem
770 1749 811 1817 B,
830 1765 910 1803 neme
928 1747 1068 1801 hominem
1085 1745 1128 1814 D,
1147 1741 1367 1799 nemohominem

167 1834 192 1888 0
212 1865 241 1874 -
259 1835 305 1889 hic
323 1837 350 1887 A
369 1838 399 1887 ut
416 1832 529 1898 addetur,
551 1835 602 1888 hec
621 1838 660 1904 B,
679 1835 755 1890 Haec
776 1836 811 1905 0,
831 1836 892 1920 Hi⁰
911 1836 942 1888 D
960 1864 993 1874 -
1013 1834 1083 1887 solet
1100 1835 1191 1902 perire
1211 1835 1251 1901 A,
1276 1831 1367 1900 perire

164 1920 235 1975 solet
252 1921 331 1975 BOD
356 1953 379 1964 -
402 1923 469 1988 aput
486 1938 536 1975 nos
554 1924 590 1989 A,
609 1923 682 1990 apud
700 1941 750 1977 nos
765 1923 830 1992 BD,
849 1923 973 1992 apudues
991 1921 1014 1974 0
1032 1951 1065 1960 —
1083 1938 1127 1974 res
1145 1920 1265 1989 perdunt
1277 1917 1367 1986 AOD,

193 2020 204 2050 Ι

165 2063 288 2134 repdunt
304 2064 340 2119 B.
361 2093 394 2103 -
431 2066 474 2118 46.
503 2064 558 2120 Vbi
576 2066 618 2135 B,
642 2067 692 2120 ubi
713 2066 764 2120 el>
782 2096 815 2105 -
832 2083 877 2120 res
895 2066 1040 2136 perdidere
1059 2069 1100 2133 A,
1122 2063 1254 2135 perdide?
1271 2079 1315 2116 res
1333 2064 1368 2129 B,

165 2151 347 2222 perdiderunt
364 2150 418 2205 Res
440 2150 492 2204 01>
517 2182 550 2192 ·-
574 2154 668 2207 abiere
686 2157 713 2207 A
738 2185 772 2195 -
797 2155 918 2208 siuolunt
937 2153 961 2206 0
977 2183 1011 2192 -
1029 2153 1112 2207 saluis
1131 2156 1171 2221 A,
1197 2156 1229 2205 ut
1247 2151 1290 2205 uis
1309 2151 1368 2217 Bc,

164 2239 239 2293 uthis
258 2238 316 2309 (sie)
335 2238 371 2291 D.
386 2267 420 2276 -
455 2236 499 2292 4-7.
528 2239 589 2310 Ego
607 2240 698 2295 istunc
718 2259 775 2296 non
791 2241 857 2295 noni
875 2240 1078 2294 adulescentem
1090 2244 1126 2309 A,
1146 2239 1370 2310 Egonuncnnui

165 2318 370 2381 adulescentem
382 2329 408 2375 B
425 2329 450 2376 et
462 2324 517 2378 arai
530 2327 601 2396 quod
613 2345 664 2399 ego
677 2329 720 2399 D,
740 2346 865 2399 egonunc
876 2328 1147 2382 ncuiadulescentem
1162 2326 1186 2380 0
1197 2355 1230 2365 -—
1244 2327 1369 2378 uestrum

165 2416 201 2482 A,
221 2419 301 2469 urum
318 2415 353 2482 B,
372 2414 501 2469 Vestrum
523 2415 576 2468 OD
592 2448 626 2458 -
647 2417 720 2470 serio
740 2419 775 2484 A,
795 2417 886 2470 serien
904 2414 962 2467 BD
979 2419 1003 2465 et
1021 2413 1183 2483 cumapatio
1204 2412 1228 2466 0
1244 2444 1278 2454 —
1295 2430 1321 2466 u.
1335 2414 1370 2465 48

171 2502 235 2553 -el
263 2501 336 2570 apud
352 2498 441 2555 Prisc.
461 2506 523 2554 sunt
543 2519 575 2570 p.
594 2505 643 2555 189
656 2504 696 2557 K.
722 2533 752 2543 -
789 2505 831 2555 48.
867 2499 951 2556 Vnius
975 2499 1026 2552 litt.
1044 2507 1113 2568 aput.
1132 2499 1163 2551 D
1189 2529 1215 2538 -
1243 2497 1315 2563 Quid
1334 2505 1370 2568 A,

169 2586 348 2655 1²risasQui
368 2586 396 2640 in
413 2589 449 2655 B,
469 2589 564 2656 quiin
585 2589 637 2642 OD
656 2591 746 2642 -ait
764 2590 819 2642 AO
837 2586 945 2645 Prisc:
969 2589 1017 2639 aut
1034 2586 1091 2637 BD
1112 2615 1140 2625 -
1161 2584 1271 2637 inhorte
1294 2585 1370 2636 0-

168 2690 238 2744 quee
257 2678 299 2728 est
319 2691 389 2742 quse
408 2679 433 2727 A
454 2675 562 2734 Prisc„-
593 2693 645 2744 que
664 2680 706 2730 est
724 2693 776 2744 que
796 2675 835 2742 B,
861 2673 918 2739 Qus
936 2676 1047 2739 estque
1069 2671 1120 2725 01)
1142 2701 1169 2710 -
1190 2671 1316 2724 innectes
1339 2673 1370 2726 0.

167 2793 202 2805 -
238 2764 280 2816 49.
309 2760 410 2815 Latere
427 2766 454 2813 A
472 2759 582 2820 Prisc:
601 2763 695 2816 Lateri
715 2765 749 2832 B,
770 2761 852 2815 lateri
873 2760 923 2813 OD
945 2791 969 2800 —
994 2776 1048 2827 qua
1065 2759 1088 2812 is
1108 2760 1175 2826 aput
1192 2775 1242 2811 uos
1261 2758 1296 2826 A,
1317 2776 1372 2826 qua

165 2848 221 2920 (uel
237 2848 329 2917 quam)
347 2848 371 2901 is
388 2848 441 2902 hoc
459 2849 495 2902 ad
512 2866 562 2902 uos
580 2849 684 2908 Prisc:
705 2867 759 2919 qua
775 2849 823 2903 isti
840 2866 889 2902 uos
908 2847 978 2916 BD,
1005 2846 1194 2916 quaistiuosC
1214 2875 1239 2883 -
1262 2844 1370 2898 damnis

167 2938 209 3005 A,
228 2936 323 2990 damni
340 2934 445 2993 Prisc:
466 2937 530 2989 deni
550 2940 588 3006 B,
606 2937 727 3007 Dampni
749 2936 801 2991 OD
818 2966 852 2976 -
869 2938 1043 3005 permensust
1060 2934 1127 2986 uia*
1146 2937 1188 3002 A,
1211 2948 1371 3002 permensus

167 3026 247 3077 tuum
264 3025 306 3094 B,
337 3040 498 3091 permensus
516 3028 593 3077 tuam
615 3026 682 3094 OD,
711 3041 870 3093 permensus
888 3024 962 3076 uiam
982 3024 1024 3075 est
1041 3020 1130 3074 Prisc.
1150 3052 1183 3061 -
1221 3021 1263 3072 50.
1293 3018 1371 3072 Nihil

167 3111 267 3164 mirum
287 3112 314 3162 A
332 3107 438 3167 Prec.‚·
458 3111 520 3164 Non
538 3113 639 3164 mirum
658 3113 692 3181 B,
711 3129 767 3164 non
784 3111 885 3163 mirum
899 3109 934 3178 D,
953 3109 1089 3162 nomirum
1106 3107 1129 3161 0
1146 3137 1178 3147 -
1198 3105 1288 3175 uetus]
1309 3110 1370 3159 etus

168 3201 195 3250 A
214 3228 247 3237 -
267 3195 320 3266 est]
346 3196 411 3248 &D
439 3228 459 3236 -
491 3199 611 3251 maceria
630 3200 656 3250 A
675 3197 783 3256 Prisc.,·
813 3213 921 3250 maeere
940 3196 1023 3249 BCD
1047 3224 1080 3235 -
1103 3196 1203 3248 lateres
1222 3195 1245 3247 si
1262 3197 1370 3247 ueteres

168 3284 238 3352 AB,
262 3281 363 3334 lateres
382 3282 411 3335 si
429 3285 536 3336 ueteres
555 3284 598 3353 D,
624 3284 724 3338 lateres
742 3285 806 3337 Siue
824 3287 913 3336 teres
935 3284 969 3352 0,
994 3287 1101 3336 ueteres
1121 3283 1145 3336 si
1162 3282 1262 3335 lateres
1279 3279 1368 3334 Prisc.

168 3399 201 3410 ·-
221 3373 305 3423 ruunt
322 3368 430 3421 ABOD
448 3369 536 3425 Prisc.
559 3400 588 3410 -
627 3375 670 3427 61.
701 3372 756 3424 Ain
774 3374 805 3424 tu
823 3387 889 3424 uero
906 3372 948 3438 A,
967 3371 1053 3423 Aintu
1070 3372 1143 3424 male
1161 3371 1202 3438 B,
1222 3369 1371 3421 amtumaie

172 3460 199 3527 0,
218 3458 265 3510 ain
281 3460 313 3509 tu
330 3456 403 3509 male
421 3457 458 3526 D,
478 3460 546 3511 antu
564 3457 650 3513 Prisc.
671 3491 704 3500 -
728 3462 836 3512 ueteres
854 3458 954 3510 lateres
974 3458 1001 3508 A
1025 3455 1123 3516 Putem
1144 3457 1244 3512 lateres
1262 3460 1371 3509 ueteres

168 3545 253 3600 BCD
271 3573 306 3584 -
323 3560 402 3598 ruere
419 3544 504 3600 Prisc.
514 3565 523 3603 ‚-
547 3563 611 3599 rure
629 3547 669 3614 A,
689 3563 754 3600 uere
770 3545 853 3599 BOD
871 3576 903 3585 —
922 3561 1072 3617 numquam
1089 3547 1130 3613 A,
1149 3549 1270 3612 nuquam
1288 3544 1371 3597 BOD

169 3664 203 3675 -
221 3633 327 3700 Edepol
346 3632 383 3709 D,
402 3632 463 3714 hide
481 3632 527 3701 pol
548 3632 578 3686 0.
599 3664 629 3673 —

169 3846 228 3897 tam
252 3845 378 3910 apertum
402 3847 434 3895 ut
458 3843 603 3911 plerosque
621 3845 756 3913 iuterpre-
838 3847 880 3899 49.
918 3843 1022 3896 damnis
1046 3844 1145 3897 Bacch.
1163 3844 1184 3911 I,
1206 3847 1227 3910 l,
1247 3842 1294 3894 33:
1325 3841 1373 3894 ubi

171 3936 213 3985 tes
231 3930 352 3982 haesisse
369 3929 484 4003 mireris.
786 3931 891 3984 damnis
934 3930 1124 3985 desudaseitur.
1162 3959 1195 3969 -
1255 3928 1370 3981 Damnie

208 4020 251 4071 46.
286 4033 360 4069 uerno
384 4007 462 4069 hemo
486 4017 585 4088 Amph.
604 4017 639 4086 II,
664 4018 686 4085 l,
710 4019 756 4086 163
785 4020 812 4072 h.
831 4037 853 4072 e.
884 4019 1044 4071 muneribus
1075 4018 1222 4070 transitum
1252 4016 1305 4070 sihi
1335 4015 1371 4068 ad

172 4105 231 4160 Ges.
249 4105 283 4173 Π,
302 4106 327 4171 4,
350 4105 390 4158 15.
787 4123 834 4159 uos
852 4106 970 4173 parauit.

207 4194 250 4245 48.
286 4191 351 4261 qaid
368 4188 485 4244 maceria
504 4191 557 4254 ait,
587 4190 654 4259 quid
674 4195 757 4244 testa·

172 4279 237 4332 tur?
256 4295 347 4332 nonne
364 4278 532 4332 eontrarium
551 4279 689 4331 testatur?
