2956 4852
167 317 208 378 60
707 331 821 374 rusum.
1108 303 1152 385 11,
1173 307 1204 384 4,
1226 304 1364 368 ll-ol.

194 499 267 563 Phr.
291 497 335 563 Ut
356 496 440 562 isset
463 496 563 581 aliqui
585 495 719 579 liquens
741 500 774 560 et
795 494 1026 572 redimiculum,

291 599 520 664 Reuorsionem
543 603 579 662 ut
601 597 642 663 id
664 618 715 662 mc
737 597 858 661 faceret
879 594 992 661 denuo.

290 701 382 766 Nunc
404 699 467 764 hirc
489 699 613 763 remisit
634 699 736 783 niper
758 698 872 763 adme
894 697 1074 781 epistulam,

293 802 367 868 Sese
389 801 607 884 experturum,
632 800 745 884 quinti
767 819 835 864 sese
858 798 1040 882 penderem.

293 903 326 968 Si
349 903 425 987 quid
447 903 650 986 peperissem,
676 901 708 966 id
733 900 902 966 educerem
925 921 962 965 uc
984 900 1146 966 tollerem:

292 1005 383 1069 Bona
405 1005 464 1069 sira
486 1025 537 1069 me
560 1022 628 1069 esse
650 1003 834 1068 habituram
859 1003 976 1068 omniu.

934 1105 984 1168 Di.
1009 1103 1162 1168 Auscultd
1185 1102 1308 1169 lubens.

292 1208 376 1288 Quid
399 1207 536 1292 denique
560 1207 677 1291 agitis?

620 1307 695 1372 Phr.
719 1308 824 1373 Miter
846 1307 979 1373 ancillis
1001 1308 1098 1387 iubet,

291 1412 446 1492 Quoniam
469 1412 534 1474 iam
557 1410 708 1475 decumus
730 1408 848 1475 minsis
871 1409 1026 1475 adueniat
1047 1431 1155 1493 prope,

291 1513 398 1578 Aliam
420 1512 571 1578 illorsum
595 1513 641 1576 ire
664 1510 897 1596 praemandare
919 1517 952 1576 et
973 1512 1127 1595 quaerere

295 1615 432 1680 Puerum
456 1615 510 1678 aiut
532 1613 673 1697 puellam
695 1615 751 1698 qui
772 1613 994 1698 supponantirr
1016 1613 1104 1678 mihi,

293 1717 376 1796 Quid
399 1717 501 1781 mirlta
522 1716 621 1781 uerba
643 1715 782 1780 ficiam?
803 1712 989 1781 tonstricem
1012 1713 1127 1779 Suram

165 2007 207 2056 41.
242 2003 355 2070 laqueus
377 2001 470 2057 Cam:
508 2001 530 2054 si
549 2003 666 2069 aqueust
689 2000 729 2067 B,
762 2000 785 2053 si
808 2017 877 2067 aque
900 2017 952 2067 usq
976 2004 991 2052 e
1016 1999 1064 2066 D,
1096 2001 1188 2070 sisque
1211 2018 1297 2070 usqne
1322 2005 1366 2056 est

169 2087 197 2141 O.
231 2119 258 2127 -
306 2090 348 2140 42.
379 2087 573 2141 Reuerslonem
597 2087 642 2153 B,
673 2087 858 2140 reuersionem
883 2085 935 2138 OD
968 2116 998 2124 -
1030 2087 1068 2140 Vt
1088 2085 1140 2140 ΟΒ
1169 2116 1203 2126 -
1233 2088 1313 2142 adme
1335 2087 1363 2142 0.

165 2203 198 2213 -
242 2176 283 2228 43.
314 2191 386 2228 nunc
408 2173 460 2228 OD
483 2207 516 2217 -
541 2176 620 2228 adme
643 2174 665 2227 0
688 2203 719 2213 -
745 2173 891 2241 epistulam
908 2173 949 2240 B,
985 2173 1139 2242 Epistulam
1163 2172 1221 2227 01).
1253 2206 1286 2215 -
1322 2178 1364 2228 44.

164 2279 224 2316 sese
246 2261 298 2315 OD
319 2263 517 2330 -penderem
539 2264 573 2331 Z,
604 2262 747 2330 perderem
766 2259 857 2314 BOD.
878 2288 912 2300 ·-
948 2264 990 2315 45.
1024 2261 1120 2329 Siquid
1143 2260 1211 2327 CD,
1244 2261 1272 2314 Si
1291 2263 1365 2328 qnod

164 2350 191 2402 B
214 2379 241 2388 -
261 2350 429 2419 peperissem
448 2351 590 2404 educerem
610 2348 715 2419 (omisso
734 2347 773 2414 id)
794 2349 824 2414 Z,
843 2349 1012 2416 peperissem
1030 2349 1076 2402 ide
1094 2352 1157 2402 care
1171 2348 1206 2416 B,
1225 2349 1366 2418 peperisse

164 2437 203 2489 mi
221 2437 346 2490 decerem
369 2436 403 2506 0,
423 2438 599 2506 peperissemi
618 2437 744 2490 decerem
763 2434 793 2485 D
811 2467 844 2475 -
864 2452 896 2488 ac
914 2435 1040 2489 tollerem
1058 2436 1099 2502 Β,
1125 2436 1280 2490 attollerem
1304 2435 1364 2490 OD.

166 2552 198 2561 -
237 2527 278 2577 46.
308 2523 384 2577 Bona
404 2541 513 2578 suamc
532 2541 590 2578 esse
608 2523 766 2576 habituram
784 2522 875 2574 omnia
895 2522 1007 2590 Spaup.‚·
1039 2523 1115 2577 Bona
1134 2540 1238 2576 summe
1257 2524 1366 2577 habitu·

165 2627 227 2664 rum
245 2610 336 2664 omniu
354 2627 412 2664 esse
430 2611 465 2679 Β,
485 2612 665 2665 bonasumme
684 2610 851 2662 Habiturum
869 2617 928 2660 ome
948 2625 1007 2662 esse
1028 2609 1057 2677 O,
1075 2611 1147 2664 bona
1166 2627 1270 2664 summe
1282 2610 1365 2664 Habi-

165 2703 258 2752 tnrum
277 2699 369 2751 omniu
388 2701 419 2750 ee
438 2698 469 2750 D
492 2698 659 2766 (habituram
678 2695 733 2747 ium
756 2696 852 2763 Gepp.)
878 2724 910 2732 -
934 2695 1023 2748 libens
1044 2697 1134 2751 BOD.
1158 2728 1191 2738 -
1227 2701 1269 2751 47.
1299 2685 1367 2765 quid

166 2786 285 2855 denique
303 2785 342 2854 D,
362 2786 549 2854 quiddeniqne
565 2784 587 2838 0
605 2817 638 2826 -
657 2784 747 2838 Mater
764 2783 824 2849 OD,
843 2783 952 2836 mather
969 2783 1003 2835 B.
1031 2817 1050 2824 -·
1094 2789 1136 2838 46.
1166 2784 1292 2852 quoniam
1310 2784 1366 2837 iam

166 2873 211 2941 D,
234 2875 287 2942 -qrir
301 2875 358 2927 iam
379 2871 413 2940 O,
443 2873 577 2939 Quoniam
595 2890 650 2926 non
667 2872 694 2924 B
719 2903 740 2913 -
765 2871 887 2925 decimus
905 2869 989 2925 BOD
1010 2901 1042 2910 -
1060 2871 1150 2940 Prope
1172 2870 1231 2925 uD.
1254 2899 1284 2909 -
1323 2875 1365 2927 49.

167 2961 256 3015 Aliam
274 2961 405 3015 aliorsum
426 2963 459 3028 Ζ,
479 2961 541 3014 Alia
557 2960 706 3015 maiorsnm
723 2960 764 3026 B,
784 2960 838 3012 alia
855 2959 943 3013 maior
961 2975 1021 3011 sum
1044 2957 1078 3026 0,
1098 2960 1151 3013 alia
1170 2959 1317 3014 maiorsnm
1335 2959 1367 3012 D

168 3077 200 3086 -
222 3048 263 3113 ire
281 3046 312 3099 D
336 3078 368 3088 —
392 3065 441 3118 pre
466 3048 596 3102 mandare
614 3048 654 3115 Β,
685 3048 865 3116 premandare
888 3045 922 3113 0,
953 3047 1133 3114 premandare
1150 3046 1181 3099 D
1204 3077 1234 3086 -
1253 3063 1368 3114 querare

167 3133 259 3188 Bou.
279 3165 311 3173 -
350 3137 391 3188 50.
423 3138 471 3188 aut
489 3133 517 3185 iu
535 3134 562 3186 B
581 3133 714 3202 suppleuit
731 3134 776 3186 Bu
795 3163 827 3172 -
846 3133 894 3201 qui
912 3138 1119 3200 soupponantur
1136 3135 1175 3202 B,
1207 3134 1266 3203 quis
1320 3151 1367 3203 op·

167 3226 305 3290 ponantur
324 3238 382 3273 cum
400 3220 487 3289 spatio
509 3221 532 3274 0
554 3225 578 3271 el
597 3220 654 3272 sine
671 3225 740 3288 apul.
761 3220 799 3272 D.
830 3251 856 3258 -
897 3221 938 3271 51.
971 3220 1038 3287 quid
1056 3220 1114 3288 Dc,
1139 3221 1187 3289 qui
1209 3218 1290 3287 CDa,
1315 3219 1368 3286 Qui

168 3308 195 3360 Β
214 3340 246 3350 -
265 3308 355 3361 Verba
378 3307 431 3361 OD
451 3336 482 3345 -
502 3307 678 3360 tronsiricem
696 3323 787 3360 suram
806 3307 847 3373 B,
872 3306 1033 3361 tonstricem
1050 3314 1111 3360 suri
1131 3308 1173 3375 D,
1195 3307 1368 3361 tonstricem·

167 3410 259 3450 surum
277 3411 336 3447 cum
354 3399 420 3463 spat.
439 3393 467 3448 Ο.
487 3424 517 3434 -

204 3676 246 3725 41.
282 3669 483 3732 redimiculum,
516 3670 629 3738 Festp.
644 3674 695 3724 273
710 3670 752 3723 M:
819 3673 860 3723 47.
896 3667 962 3737 quid
972 3667 1081 3737 denique
1092 3667 1181 3737 opitu,
1200 3669 1296 3722 eadem
1309 3685 1369 3722 ner-

67 3749 73 3756 ’
170 3758 370 3812 ‘redimiculum
395 3760 497 3811 nocant
519 3757 647 3810 mulieres
671 3758 754 3811 catel-
783 3757 818 3810 ba
836 3755 934 3810 Bacch.
948 3756 982 3823 II,
998 3758 1021 3823 3,
1035 3758 1076 3809 60.
1108 3754 1217 3826 donique
1235 3756 1309 3809 idem
1327 3758 1370 3808 est

168 3846 224 3899 lam
254 3861 308 3913 qna
338 3844 455 3898 maxime
490 3847 607 3897 utuntur
642 3849 754 3901 ornatus
783 3847 866 3911 utque
898 3841 1002 3894 landem
1032 3841 1061 3894 in
1091 3843 1314 3913 inmmogauona
1334 3870 1368 3880 -

170 3932 266 3987 causa'
784 3935 869 3982 muter
886 3930 943 3983 scil.
956 3945 1026 3982 msa.

207 4023 249 4074 42.
286 4019 463 4071 recursionem
473 4019 588 4086 furaci,
610 4018 707 4072 Bacch.
721 4018 754 4072 ΙΙ.
820 4019 861 4072 49.
894 4015 1105 4086 praemandare,
1126 4017 1190 4085 quia
1207 4017 1286 4069 miles
1303 4033 1370 4069 non-

171 4113 196 4173 3,
216 4111 257 4162 62.
785 4105 849 4158 dnm
869 4104 956 4157 adest.
986 4103 1045 4156 Hoc
1063 4104 1196 4157 uocabulo
1214 4104 1303 4157 utitur
1315 4103 1369 4158 uic.

206 4199 247 4250 46.
284 4195 362 4248 Licet
380 4193 461 4247 etiam
481 4209 521 4242 me
539 4191 757 4244 habiturumeaae
786 4192 821 4245 ad
834 4191 897 4243 fam.
912 4191 935 4256 5,
951 4194 975 4244 9.
995 4189 1034 4243 ef.
1048 4190 1123 4243 Trin.
1137 4191 1170 4255 ΙΙ,
1185 4195 1208 4258 9,
1224 4194 1272 4258 543
1291 4190 1369 4243 Stud.

172 4282 260 4347 amnia
279 4300 340 4336 cum
360 4281 506 4352 Gepperto.
787 4279 857 4332 Mus.
871 4276 957 4330 Rhon.
974 4280 1049 4332 1866.
1069 4295 1095 4347 p.
1109 4280 1169 4332 696.
