2956 4852
154 908 491 1023 CALLIOLES.
532 910 826 996 ANOILLAE
851 920 943 986 duae.
982 911 1361 999 DINIAROHVS.

112 1225 190 1295 ηε,
214 1207 270 1274 Ca.
286 1203 386 1294 ‘Egon
397 1206 457 1273 tibi
467 1207 657 1274 maledicam
670 1213 727 1274 ant
738 1207 838 1274 tibine
850 1208 1052 1275 malouelim?
1066 1214 1104 1275 nt
1114 1211 1241 1277 animas
1252 1215 1365 1292 meust,

128 1728 145 1779 b

276 1310 514 1396 Prapemodum
534 1317 685 1396 expertae
709 1310 794 1393 aslis,
817 1332 915 1395 quam
937 1332 996 1396 ego
1018 1312 1077 1378 sim
1099 1313 1185 1379 mitis
1207 1311 1363 1398 tranquil·

1075 1414 1192 1500 ,lacque
1214 1415 1319 1481 bomo.

271 1513 424 1601 Ragitaui
446 1534 504 1599 ego
526 1536 583 1580 uos
606 1511 789 1580 carinatas
810 1513 922 1579 ambas
942 1515 1111 1600 pendentis
1132 1518 1236 1583 simul.

220 1648 223 1652 >
268 1613 490 1697 commemini,
515 1637 579 1701 qno
602 1617 738 1703 quicque
761 1622 856 1702 pacto
879 1616 948 1682 sitis
970 1617 1150 1686 confessae:
1173 1620 1252 1698 scic.

270 1716 332 1782 Hic
353 1740 440 1785 nunc
461 1719 535 1786 uolo
558 1721 639 1785 scire
663 1719 775 1786 eadem
796 1724 914 1804 pacton
937 1720 1005 1786 siue
1025 1721 1114 1810 ⁴malo
1137 1719 1313 1786 fateamini.

267 1819 469 1905 Quamquam
491 1843 548 1888 uos
571 1821 740 1887 colubrino
762 1822 890 1905 ingenio
913 1823 1026 1888 ambae
1049 1823 1135 1904 castis,
1158 1821 1248 1888 edica
1263 1822 1364 1907 prius,

266 1920 314 1986 Na
337 1921 473 2008 duplicis
494 1923 640 1990 habeatis
662 1923 799 2008 linguas,
824 1943 863 1988 ne
886 1922 944 2008 ago
966 1924 1117 2008 bilinguis
1138 1923 1198 1990 uas
1218 1943 1345 1990 necem:

266 2022 335 2089 Nisi
358 2025 385 2090 si
405 2025 448 2091 ad
470 2025 699 2092 tintinnaculos
721 2024 818 2090 uoltis
844 2026 902 2091 uos
923 2026 1016 2092 educi
1037 2028 1134 2093 uiros.

230 2248 351 2304 SENEX
369 2250 534 2306 ANOILLE·
554 2252 589 2305 II·
610 2249 844 2307 ADVLESCENS
863 2250 889 2305 G·
910 2252 950 2320 B,
969 2269 1051 2304 unam
1071 2248 1168 2304 lineam
1186 2265 1301 2302 clansam
1319 2266 1361 2314 το-

161 2335 257 2411 linquit
278 2337 312 2407 0,
334 2337 455 2403 SENES
472 2338 638 2428 ANGILng·
656 2339 691 2391 11·
711 2337 944 2393 ADOLESCENS
965 2337 1065 2391 eada.
1078 2338 1130 2392 Dc.
1160 2368 1185 2376 -
1227 2340 1251 2391 1.
1281 2335 1362 2404 Egon

160 2424 203 2491 Β,
223 2440 278 2493 gon
296 2442 356 2478 cum
373 2429 442 2493 spat.
462 2424 521 2480 init.
544 2424 597 2478 OD
622 2455 657 2464 -
674 2426 856 2479 maledicam
873 2425 902 2478 B
924 2424 1062 2478 -tibine
1082 2424 1193 2493 Spsn9.;
1224 2423 1277 2476 tibi
1296 2423 1361 2477 adts

159 2509 243 2563 BOD
261 2528 307 2555 ⁴-
336 2512 408 2565 male
425 2511 510 2566 uelim
527 2510 612 2565 BOD
631 2511 688 2565 nisi
703 2513 774 2583 quod
790 2514 880 2567 uelit
903 2510 1008 2583 (ΜΒ1
1039 2541 1071 2551 -
1102 2510 1196 2564 animu
1214 2513 1308 2564 meust
1323 2509 1360 2578 Β,

159 2596 250 2650 animo
267 2601 356 2651 meost
377 2598 435 2653 01).
454 2628 488 2638 —
524 2601 548 2651 2.
579 2599 799 2668 Propemodum
822 2599 876 2653 OD
893 2603 918 2651 et
935 2617 954 2652 u
971 2616 1004 2650 ea
1021 2616 1037 2652 o
1055 2599 1129 2667 sact.
1149 2596 1195 2649 Ba
1214 2629 1245 2639 -
1265 2613 1361 2665 expar-

157 2687 203 2736 tae
220 2685 286 2738 estis
307 2685 344 2754 Z,
368 2689 481 2755 experta
500 2687 596 2739 essetis
614 2687 698 2741 BGD
716 2686 771 2740 nai
787 2686 858 2758 qnod
874 2688 988 2754 exparte
1010 2686 1074 2738 Ost
1092 2687 1190 2753 expete
1208 2684 1238 2737 D
1256 2714 1290 2723 -
1309 2685 1361 2737 sim

157 2771 233 2824 mitis
258 2772 478 2841 tranquillusque
505 2774 586 2828 homo
614 2774 706 2834 Cam:
739 2774 840 2828 similes
867 2773 1022 2841 tranquilus
1050 2789 1136 2840 usque
1166 2772 1248 2826 homo
1276 2770 1368 2833 BOD„

157 2857 212 2911 nai
234 2859 304 2936 qnod
324 2859 488 2928 tranquillus
510 2862 545 2930 0,
574 2863 740 2932 tranquillus
762 2862 806 2931 D,-
830 2878 883 2930 usq
900 2861 944 2929 D,
974 2861 1063 2914 Homo
1084 2859 1144 2921 OD.
1174 2891 1208 2901 -
1244 2863 1270 2913 3.
1300 2874 1360 2912 uer·

156 2947 266 3001 beratas
291 2950 399 3017 Spmqn
430 2949 603 3002 uerberantis
625 2949 712 3004 BCD
737 2977 770 2989 -
797 2949 891 3004 ambas
915 2948 1062 3018 pendentis
1090 2945 1191 3004 nauta
1223 2945 1273 2998 bas
1295 2962 1361 3015 pen·

156 3034 253 3088 dentes
282 3034 323 3104 Β,
353 3035 402 3088 has
433 3036 580 3104 pendentis
614 3034 674 3091 01).
713 3064 748 3075 -
794 3038 820 3090 4.
862 3038 979 3106 quicque
1011 3035 1106 3091 Gan:
1147 3032 1264 3102 quicqua
1294 3032 1359 3100 BD,

157 3122 303 3190 quicquam
324 3122 399 3175 0-
418 3116 547 3177 confessa
560 3122 650 3176 BOD.
683 3154 718 3165 -
755 3126 779 3176 b.
816 3124 886 3178 scire
902 3123 974 3193 BD,
1006 3138 1067 3176 scra
1091 3136 1150 3172 cum
1177 3117 1258 3171 litura
1280 3118 1304 3172 0
1325 3149 1359 3160 -

156 3213 258 3278 pacton
278 3210 376 3279 Spenp.
400 3210 495 3268 Sinda
515 3214 597 3279 pacto
615 3209 706 3264 1301).
728 3238 756 3251 -
795 3213 821 3265 6.
850 3203 994 3286 ‘colubrino
1014 3211 1045 3279 Z,
1064 3207 1169 3263 colubri
1187 3223 1243 3260 non
1256 3206 1291 3275 Β,
1311 3203 1359 3259 Co·

155 3297 228 3351 lubri
246 3314 300 3351 non
322 3296 375 3350 OD
393 3295 448 3348 nisi
465 3288 573 3366 quodni
590 3297 620 3350 D
639 3302 665 3350 ct
681 3298 849 3367 noningenio
866 3297 890 3350 C
907 3327 941 3336 -
960 3295 1041 3349 ambe
1060 3295 1094 3348 Β.
1115 3323 1149 3333 -
1185 3296 1210 3347 7.
1241 3293 1359 3362 suplices

160 3384 258 3440 Canta
275 3401 358 3449 corn,
379 3383 496 3452 duplicis
510 3374 575 3454 post
587 3401 657 3440 corr.
671 3417 705 3426 -
724 3384 867 3439 habeasO
887 3416 914 3428 -
935 3382 1029 3452 lingui
1042 3381 1078 3459 Β,
1096 3381 1233 3451 Linguam
1246 3379 1274 3449 C,
1293 3379 1358 3433 Lin-

154 3479 208 3542 gua
225 3471 257 3524 D
281 3501 315 3512 -
339 3471 470 3541 bilinguis
490 3473 527 3541 Ζ,
551 3472 592 3540 ibi
614 3473 716 3543 linguis
735 3472 826 3526 Bon.
859 3502 891 3513 -
927 3474 952 3525 8.
983 3470 1075 3525 Nesisi
1091 3472 1125 3539 B,
1143 3468 1227 3522 nesisi
1248 3467 1278 3536 0,
1297 3467 1357 3520 nesi

155 3560 179 3614 si
196 3560 226 3613 D
244 3589 279 3601 -
296 3560 504 3616 attintinaculos
522 3562 564 3630 B,
584 3561 810 3616 attintinnaoulos
827 3559 878 3615 OD
896 3588 930 3599 -
948 3559 1041 3629 educis
1060 3557 1109 3611 Da
1127 3561 1188 3611 ana
1205 3572 1269 3620 rae..
1293 3554 1356 3608 edu·

155 3648 180 3702 ci
199 3648 246 3703 Da
259 3654 322 3719 post
337 3666 394 3703 ras.
414 3678 448 3688 -

193 3861 216 3912 1.
251 3857 349 3912 Prodit
371 3873 454 3911 senex
477 3857 580 3912 ironiae
606 3857 742 3913 disserens
807 3861 831 3911 3.
868 3855 1032 3908 carinatas.
1068 3852 1194 3924 Cogitaui
1219 3853 1301 3906 etiam
1320 3851 1356 3905 de

157 3963 219 4000 cum
238 3945 353 4000 ancillis.
387 3945 538 4012 Vtramque
556 3945 678 3999 uicissim
695 3943 742 3997 ad·
770 3943 942 3997 uerberatim.
974 3942 1127 4012 Geppentus
1146 3937 1308 4008 napulantis.
1322 3967 1356 3978 -

156 4035 279 4102 loquitur
297 4032 357 4100 (tibi
373 4037 420 4085 aaut
437 4031 537 4102 tibine).
564 4033 640 4086 Nihil
657 4033 740 4085 inter·
766 4030 916 4099 pandonia,
938 4029 974 4084 cf.
993 4030 1068 4083 Trin.
1086 4029 1121 4096 ΙΙ,
1141 4032 1164 4095 1,
1185 4029 1228 4080 19.

158 4121 226 4176 cidit
242 4138 331 4189 neque
349 4121 401 4175 hoc
419 4120 479 4173 loco
497 4136 586 4188 neque
605 4120 689 4174 Mero.
708 4120 741 4189 V,
806 4120 830 4170 b.
866 4117 922 4170 sine
940 4116 1020 4180 malo,
1040 4111 1290 4198 sine'uerberibus.

157 4213 180 4273 3,
202 4213 225 4262 1.
240 4241 271 4250 -
290 4214 320 4260 ut
337 4207 442 4261 animus
458 4213 551 4270 meast,
572 4212 603 4271 ut
622 4225 672 4278 ego
691 4224 739 4276 pu·
806 4207 831 4258 8.
868 4201 1056 4255 tintinnaculos
1074 4199 1148 4254 uiros
1172 4199 1219 4254 alii
1244 4199 1279 4253 de
1297 4215 1355 4252 car·

155 4301 192 4365 to,
212 4312 246 4349 ex
262 4312 324 4350 msa
342 4295 487 4350 sententia.
769 4291 896 4345 nificibus
913 4290 961 4344 alii
979 4290 1014 4344 de
1031 4286 1118 4349 fabris
1131 4288 1179 4357 qni
1191 4286 1281 4341 lemen
1295 4287 1355 4340 uin-
