2956 4852
690 292 847 334 PROLOGVS.

310 459 361 525 Ad
382 458 605 542 denegandum
628 462 665 522 ut
688 454 784 521 celeri
806 457 917 540 lingua
937 454 1084 520 utamini.

311 561 373 627 Sed
396 560 457 626 hdo
479 579 621 643 agamus,
643 558 706 622 huo
728 578 793 642 qua
814 562 979 623 uentumst
1000 555 1114 639 gratia.

312 662 447 728 Athenis
469 661 545 724 haec
567 668 669 735 sunto,
694 661 741 724 ita
762 665 799 725 ut
819 659 880 724 hoo
901 663 950 723 est
971 657 1202 744 proscaenium,

312 764 483 848 Tantisper
505 763 581 828 dum
603 761 809 844 transigimus
832 760 915 824 hano
937 758 1144 826 comoediam.

313 865 375 929 Hic
396 865 522 930 habitat
542 864 666 941 mulier,
688 863 805 928 ndmen
828 863 936 945 quoist
956 860 1176 928 Phronesium.

310 966 399 1031 Haec
421 967 515 1032 huius
538 966 633 1031 saecli
655 964 761 1030 mores
782 965 817 1029 in
838 985 872 1029 se
895 962 1054 1050 possidet:

313 1069 495 1154 Numquam
519 1068 559 1134 ab
581 1063 727 1135 amatore
747 1062 893 1154 postulat
912 1065 947 1130 id
969 1063 1055 1149 qudd
1077 1065 1230 1147 datumst,

159 1224 184 1276 8.
208 1224 325 1278 utanimi
343 1224 379 1276 B.
406 1254 438 1265 -
476 1226 500 1277 9.
527 1225 654 1292 hucque
676 1223 768 1282 Ouum
800 1239 854 1292 qua
870 1222 925 1276 huc
943 1220 1010 1288 Bo,
1041 1220 1177 1290 quisbue
1195 1222 1226 1275 D
1246 1253 1278 1265 -
1297 1242 1365 1292 spn-

384 1299 409 1337 lu

159 1353 247 1404 tumst
262 1349 322 1419 OD,
342 1355 423 1406 uenst
443 1351 496 1404 Ba.
511 1380 542 1390 ·-
564 1350 603 1403 10.
623 1349 739 1404 Athenis
760 1349 829 1403 haec
846 1352 928 1404 sunto
949 1349 1066 1419 Spem
1086 1349 1198 1404 Athmis
1218 1352 1311 1407 tracto
1326 1351 1364 1421 B,

1112 1434 1124 1463 Ι

160 1477 278 1531 Athenis
295 1479 386 1530 tracto
407 1474 460 1531 OD
477 1504 512 1517 ·-
529 1477 698 1546 proscinium
717 1475 759 1544 B,
782 1475 977 1544 prosohenium
998 1475 1040 1544 0,
1064 1473 1248 1546 protherium
1266 1477 1305 1532 D.
1329 1507 1364 1519 ·-

162 1565 202 1619 11.
227 1564 324 1618 Tantis
342 1582 393 1633 per
411 1565 476 1617 dum
498 1564 528 1631 0,
547 1565 683 1634 tantisper
700 1563 766 1618 dum
785 1563 822 1632 D,
841 1564 928 1617 tantis
946 1563 1068 1633 perdunt
1086 1564 1114 1616 B
1135 1592 1164 1605 -
1185 1565 1364 1619 transivimus

160 1650 187 1702 B
205 1680 239 1690 -
257 1651 411 1706 comediam
422 1651 513 1704 BCD.
533 1681 567 1692 -
607 1654 646 1706 lt.
673 1668 774 1708 nomeu
792 1651 837 1706 cui
855 1654 896 1705 ast
917 1652 948 1721 Z,
967 1651 1078 1706 uomina
1098 1651 1143 1707 cul
1163 1654 1181 1706 ἕ
1198 1652 1232 1721 Β,
1251 1653 1365 1708 nomine

159 1738 204 1793 cui
223 1742 265 1791 est
284 1738 339 1793 01>
356 1769 391 1780 -
409 1738 587 1810 phronesium
608 1738 690 1807 0120,
723 1738 902 1809 phrosenium
920 1737 980 1808 Do,
1011 1737 1176 1809 phonesium
1194 1738 1229 1790 B.
1249 1768 1284 1778 -
1323 1740 1364 1794 13.

159 1825 213 1880 hec
230 1825 295 1893 BD,
314 1825 372 1880 Heo
394 1825 417 1880 0
435 1855 465 1866 -·
486 1827 552 1881 secli
571 1826 631 1894 Bo,
651 1826 701 1881 soli
720 1826 750 1881 D
768 1855 803 1866 -
820 1827 880 1880 inse
896 1826 926 1881 0.
944 1858 980 1869 -·
1016 1827 1058 1880 14.
1082 1829 1206 1897 nuquam
1222 1826 1259 1893 B,
1277 1825 1364 1882 Num·

160 1930 243 1984 quam
264 1912 288 1965 0
294 1953 300 1981 ,
318 1929 469 1981 numquam
488 1914 519 1967 D
536 1919 711 1970 -amatore
736 1912 836 1972 Weiss
869 1915 992 1968 amatore
1015 1929 1065 1968 suo
1083 1906 1168 1967 BOD
1187 1940 1221 1950 -
1239 1911 1365 1967 datumst

164 1999 224 2069 OD,
242 2001 338 2054 datum
357 2004 399 2053 est
418 2000 452 2053 B.
472 2029 505 2039 -

160 2140 299 2194 docemur.
334 2139 416 2193 Haud
440 2155 503 2193 raro
527 2156 559 2191 eu
584 2139 671 2193 berch
696 2139 747 2194 ini·
811 2141 836 2192 9.
871 2139 959 2192 Recto
982 2137 1130 2192 traiectum
1152 2153 1212 2193 esse
1234 2137 1287 2191 tao
1309 2157 1363 2211 qus

161 2228 232 2281 tium
250 2226 319 2282 iacit
336 2229 445 2281 senario
462 2227 537 2281 Men.
554 2226 587 2294 V,
608 2227 748 2295 1,31;V,
775 2225 830 2280 hoc
852 2226 989 2281 Rudentis
1010 2242 1093 2280 uersu
1118 2225 1258 2281 simillimo
1282 2227 1364 2282 doce·

162 2317 237 2383 3,1;
274 2315 349 2369 Pers.
367 2315 414 2382 IV,
434 2317 459 2382 6,
480 2317 526 2379 au
563 2314 634 2369 Rud.
654 2314 703 2383 111,
722 2317 747 2382 5,
776 2331 839 2367 mur
854 2314 933 2383 (prol.
946 2313 1002 2381 Bltz
1026 2313 1106 2366 Nunc
1125 2312 1177 2365 buc
1193 2329 1248 2384 qua
1267 2331 1363 2369 caussa

161 2404 210 2471 413
228 2403 311 2457 Most.
328 2403 376 2470 ΙΙΙ,
398 2405 421 2468 l,
441 2403 490 2463 ⁶83
516 2401 590 2455 Men.
607 2402 642 2469 ΙΙ,
662 2404 686 2470 2,
705 2403 748 2455 41.
777 2401 859 2464 uani,
892 2404 1078 2470 arpamentum
1096 2388 1274 2470 'eloquars-
1299 2419 1364 2455 aas·

165 2518 192 2530 -
206 2490 280 2544 Post
299 2489 374 2544 hunc
390 2506 501 2542 uersum
520 2489 572 2541 etsi
592 2503 647 2542 non
665 2489 749 2541 inter·
778 2493 867 2541 tumst.
897 2489 963 2544 Noli
974 2488 1103 2556 supplere
1115 2486 1189 2540 uota
1201 2502 1272 2542 nous
1283 2488 1364 2544 Iam·

162 2578 258 2631 cedam
276 2577 299 2630 si
317 2577 378 2646 quis
397 2578 526 2630 lacunam
544 2578 650 2629 statuat
667 2575 749 2629 huius
777 2575 844 2629 bino
862 2591 976 2629 suarora
999 2572 1075 2627 nobo
1100 2575 1149 2629 sed
1171 2573 1261 2643 milii,
1291 2575 1319 2629 h.
1340 2590 1364 2632 e.

161 2664 219 2719 fere
238 2664 406 2718 sententiae:
778 2662 868 2717 ‘ueni’.
915 2661 992 2716 Asin.
1012 2662 1083 2731 prol.
1102 2665 1131 2716 6:
1175 2661 1264 2717 ‘Nunc
1297 2663 1366 2732 quid

213 2752 257 2807 Eu
274 2752 368 2807 hercle
384 2750 414 2803 in
431 2748 511 2803 uobis
527 2747 650 2803 resident
660 2764 751 2802 mores
774 2749 953 2819 processerim
977 2750 1033 2804 huc
1056 2750 1174 2818 etquid
1196 2748 1266 2804 mihi
1288 2750 1366 2806 uoln-

455 2836 575 2906 pristini,
779 2837 847 2891 erim
870 2836 985 2905 Dicam’,
1017 2838 1087 2894 Rud.
1104 2838 1124 2891 Ι.
1141 2839 1160 2892 Ι.
1196 2836 1286 2893 ‘Nunc
1309 2835 1367 2893 hut

218 2926 274 2998 [Ad
298 2925 421 2982 dandum
446 2927 478 2978 ut
501 2923 597 2994 lingua
620 2924 750 2990 prompta
779 2941 833 2994 qua
851 2941 948 2979 caussa
964 2923 1029 2977 uani
1044 2942 1068 2980 a.
1081 2941 1107 2994 q.
1120 2925 1151 2978 s.'

454 3010 532 3066 sitsi
551 3011 611 3079 quis
629 3012 715 3079 petat,
816 3014 855 3064 10.
902 3010 1017 3064 Attenia
1053 3011 1119 3064 laec
1153 3013 1231 3063 sunm
1267 3013 1368 3085 scripsi

215 3100 244 3154 Si
261 3099 373 3170 quidem
385 3098 460 3168 quod
472 3098 520 3152 alii
533 3098 615 3152 detur
626 3100 751 3152 nostrum
778 3102 929 3168 praeeunte
956 3112 991 3152 ex
1021 3103 1102 3169 purte
1130 3097 1287 3155 Camerario
1317 3103 1367 3171 qui

455 3203 512 3239 non
530 3185 597 3239 siet:
779 3186 903 3239 Attanae
932 3184 1000 3238 istoc
1027 3190 1105 3239 sunto
1136 3185 1293 3255 scripserat.
1327 3190 1369 3245 At

215 3275 257 3327 De
281 3277 376 3329 uostro
398 3273 443 3327 uel
467 3272 610 3327 tantillum
638 3272 661 3325 si
690 3271 751 3341 quis
780 3272 846 3325 istoc
864 3273 909 3327 nel
926 3273 1018 3343 potius
1036 3272 1116 3325 isiaco
1138 3273 1368 3341 (Studllcrmh

455 3360 597 3430 postulet]
779 3379 807 3429 p.
821 3361 883 3424 303)
910 3378 967 3415 non
985 3361 1074 3414 ausim
1092 3359 1240 3414 defendere
1258 3365 1287 3416 et
1304 3381 1368 3432 pro·

217 3448 262 3502 Ad
280 3447 472 3517 denegandum
496 3450 530 3501 ut
551 3446 635 3502 celeri
656 3446 753 3515 lingua
780 3449 843 3517 pter
861 3447 918 3500 ‘too
937 3451 981 3503 est
997 3447 1199 3517 proscaenium’
1218 3449 1368 3505 etcollstis

455 3534 572 3590 utamini
780 3535 880 3605 Amph.
892 3536 962 3605 prol·
976 3536 1023 3604 97,
1046 3535 1124 3604 Capt.
1136 3534 1206 3604 prol.
1226 3536 1259 3604 (Ι,
1280 3537 1305 3603 l)
1323 3540 1368 3606 28,

163 3629 257 3678 umen
277 3622 317 3679 sio
334 3639 443 3692 quoquc
461 3628 537 3678 recte
555 3622 680 3678 sehabet
692 3638 753 3676 sen·
779 3623 840 3678 Mil.
858 3623 929 3692 prol.
948 3624 997 3692 (ll,
1014 3626 1038 3691 1)
1058 3625 1111 3691 10,
1147 3622 1222 3677 Men.
1239 3622 1309 3691 prol.
1324 3623 1368 3694 ts,

164 3711 315 3764 tortiorum
343 3727 438 3764 nexus.
487 3712 554 3765 Cum
589 3710 662 3764 enim
691 3726 752 3778 per·
780 3711 852 3766 Rud·
863 3711 933 3779 prol.
945 3712 988 3765 32.
1008 3711 1111 3766 tratis
1127 3709 1370 3768 litteraeinlibris

164 3796 246 3852 multi
265 3798 434 3865 spectaturos
453 3799 548 3851 statim
567 3798 698 3862 abnuant,
717 3813 753 3850 eu
781 3797 829 3865 qui
856 3797 1018 3850 minusculis
1043 3798 1146 3852 litteris
1177 3797 1276 3865 scripti
1303 3801 1371 3853 snut

164 3882 265 3951 hercle,
283 3883 382 3951 inquit,
400 3901 449 3937 uos
469 3899 532 3938 cum
549 3889 608 3938 tam
625 3884 754 3939 celeriter
780 3900 913 3953 persaepe
930 3885 1003 3938 inter
1020 3902 1051 3939 se
1068 3883 1282 3938 confunduntur.
1313 3883 1370 3939 Ha·

166 3971 293 4026 abnuatis
306 3969 437 4038 pristinos
452 3986 541 4025 mores
553 3972 653 4026 tenetis
664 3988 754 4040 neque
781 3972 831 4026 bes
850 3971 937 4041 igitur
954 3970 1042 4035 tacto,
1064 3972 1138 4040 quod
1157 3971 1261 4026 additis
1272 3972 1370 4040 paucis

166 4077 201 4114 ex
224 4061 382 4112 nostrorum
406 4058 537 4111 iuuenum
556 4074 641 4127 more,
659 4059 753 4129 quales
782 4059 884 4112 litteris
903 4057 1070 4129 toso[sun]to
1089 4058 1212 4114 scribere
1228 4075 1260 4113 eo
1276 4058 1369 4114 minus

166 4148 196 4201 in
212 4145 380 4199 Truculento
397 4143 603 4214 describuntur,
621 4146 651 4201 id
680 4147 754 4215 quod
782 4145 921 4212 dubitaui,
939 4144 1014 4213 quod
1029 4145 1060 4198 in
1077 4146 1245 4200 Truculento
1261 4146 1370 4201 librarii

166 4236 291 4287 nostrum
308 4235 359 4300 est,
379 4231 427 4286 alii
444 4232 602 4288 condonare
619 4234 722 4289 soletis.
781 4233 889 4288 omissis
907 4232 1021 4301 syllabis
1037 4231 1141 4302 passim
1157 4237 1351 4302 parauerunt
