2956 4852
179 264 239 348 130
722 279 830 326 ruam
1177 256 1216 338 V,
1240 260 1395 324 42-47.

174 447 248 513 Phr.
273 445 474 531 Quamquam
503 447 556 511 hio
585 447 724 530 squalet,
756 446 950 531 qutmquam
971 445 1025 510 hio
1044 444 1166 525 horret,
1196 444 1303 509 scitus
1333 444 1394 530 [et]

1106 545 1223 613 belldet
1244 545 1346 611 mihi.

176 652 276 718 Strat.
300 650 424 719 Dedine
446 672 504 737 ego
527 653 664 716 aurum?

570 753 644 818 Phr.
668 752 747 818 Mihi
769 753 886 819 dedisti
907 752 976 818 lilio
999 752 1130 818 oibtria.

176 855 283 921 Strab.
306 857 399 922 Nr‘rno
422 856 447 919 si
470 861 576 919 teoum
599 855 682 919 hano
704 856 773 921 esse
795 876 914 939 sperae,
937 854 1003 920 alia
1025 859 1120 938 opust
1141 852 1212 916 auri
1233 854 1342 918 mina.

122 961 157 1013 45
176 957 275 1025 Strat.
307 954 375 1044 [ln]
403 957 522 1022 malam
550 979 617 1022 rem
650 959 677 1023 is
707 957 857 1041 magntm
892 977 1008 1040 magno
1042 975 1154 1040 opere:
1192 953 1292 1017 serua
1325 955 1391 1021 tibi

1166 1054 1340 1122 uittioum.

279 1162 363 1242 Quid
386 1163 439 1227 isti
462 1160 581 1226 debes?

475 1263 549 1328 Phr.
573 1261 656 1326 Tria.

555 1363 653 1429 Strat.
677 1365 766 1442 Quae
788 1363 854 1426 tria
877 1365 975 1428 nam?

777 1465 851 1528 Phr.
875 1464 1054 1547 Vrguenta
1078 1471 1214 1542 noctem,
1236 1463 1384 1532 sanium.

173 1569 271 1634 Strat.
296 1567 358 1633 Par
381 1568 452 1652 pari
475 1567 657 1651 respdndet.
681 1587 792 1631 uerum
815 1566 993 1652 ndno[iom]
1016 1566 1139 1647 saltem,
1162 1567 1189 1631 si
1211 1587 1314 1647 amas,

171 1797 214 1848 42.
245 1795 352 1862 squalet
371 1792 486 1862 Spera:
506 1792 582 1862 quali
600 1796 642 1847 est
660 1794 695 1862 B,
714 1793 802 1862 qualis
821 1797 863 1846 est
878 1795 906 1861 C,
925 1794 1013 1860 qualis
1032 1793 1091 1845 &D
1109 1824 1143 1835 -
1162 1808 1332 1862 quamquam
1347 1795 1381 1863 Z,

171 1888 223 1951 qua
242 1881 312 1951 BD,
339 1897 421 1950 quam
443 1880 466 1934 0
490 1912 520 1921 -
544 1882 639 1934 horret
659 1881 773 1949 Spore-r
806 1881 934 1934 horridus
952 1880 1037 1933 BOD
1061 1910 1092 1921 -
1120 1881 1205 1933 scitus
1223 1878 1315 1932 bellus
1335 1885 1382 1934 est

171 1968 239 2022 mihi
258 1967 334 2037 ‚Lipa
354 1971 392 2035 (et
408 1969 512 2022 bellust
531 1968 659 2037 Spenpdr
680 1968 752 2021 citus
770 1968 875 2021 bellum
892 1968 921 2022 hi
939 1967 1024 2020 BCD
1044 1966 1099 2020 nisi
1114 1968 1184 2036 quod
1200 1966 1277 2020 bellu
1290 1966 1329 2019 B.
1347 1999 1374 2008 -

171 2060 214 2112 43.
245 2057 336 2109 Dedin
357 2056 452 2111 Cara:
478 2055 568 2108 Dediu
587 2056 624 2123 Β,
652 2055 722 2108 Dedi
745 2054 797 2107 (Ἰ)
816 2085 848 2093 -
868 2055 969 2109 dedisti
987 2055 1049 2122 Do,
1071 2054 1203 2108 dedixisti
1220 2052 1322 2106 BCDb
1347 2087 1374 2096 —

174 2175 200 2184 -
224 2143 329 2197 cibaria
349 2145 379 2211 Ζ,
399 2142 502 2196 cibarii}
521 2142 556 2212 Β,
576 2143 710 2196 cibariam
732 2141 793 2197 01).
812 2172 846 2183 -
882 2146 926 2196 44.
958 2147 1050 2197 tecum
1069 2142 1141 2196 hano
1162 2144 1276 2211 Spano:
1301 2141 1378 2196 hano

170 2236 262 2286 tecum
274 2230 358 2284 BCD
377 2230 483 2300 (sihano
500 2230 530 2300 C)
553 2235 682 2300 -opust
695 2234 728 2300 Β,
749 2247 816 2299 opus
835 2235 876 2284 est
893 2230 952 2284 CD.
971 2259 1005 2269 -
1040 2233 1082 2283 45.
1107 2230 1140 2282 In
1157 2229 1258 2281 malam
1271 2228 1373 2286 Aeta:

170 2318 243 2372 Mala
260 2320 300 2388 B,
325 2320 427 2372 Malam
450 2317 500 2370 OD
524 2348 547 2357 -
570 2318 653 2371 remis
671 2318 698 2369 B
717 2350 749 2360 -
767 2334 896 2388 magnam
916 2320 1030 2387 Sparta:
1063 2321 1091 2370 et
1108 2333 1209 2386 magna
1226 2315 1309 2369 BCI)
1342 2345 1375 2356 -

171 2410 264 2460 seruat
281 2406 322 2459 ibi
340 2407 379 2476 B,
401 2406 537 2459 seruatib:
559 2405 618 2476 (sie)
642 2407 693 2473 Ca,
713 2405 849 2473 seruatib3
872 2405 925 2473 Oh,
945 2404 1068 2457 seruatib
1087 2404 1117 2455 D
1135 2433 1168 2442 —
1186 2404 1320 2457 uiaticum
1343 2405 1375 2471 Z,

171 2495 246 2548 atiou
266 2495 306 2562 B,
325 2495 442 2548 atticum
464 2493 577 2547 011-
612 2497 655 2547 46.
685 2493 770 2547 debes
793 2478 898 2550 Go‘elt:
925 2493 994 2546 debe
1012 2492 1046 2545 isi
1064 2491 1206 2559 (isitriaq;)
1225 2494 1264 2560 Β,
1290 2491 1377 2545 debet

169 2581 224 2635 nisi
246 2580 298 2633 CD
317 2611 352 2620 -
367 2581 443 2634 Pers.
462 2587 531 2651 apat.
555 2580 607 2634 01>
625 2613 659 2622 -
679 2599 707 2650 q;
726 2581 815 2632 trient
833 2580 875 2649 Β,
900 2596 953 2647 que
977 2581 1033 2632 tria
1050 2595 1115 2632 nam
1133 2596 1191 2630 curn
1206 2596 1281 2648 pore.
1300 2583 1374 2647 apat.

166 2673 229 2737 prist
245 2668 300 2720 tria
322 2667 374 2721 OD
398 2697 428 2708 -
454 2673 563 2723 noctem
574 2669 677 2725 Cana.-
709 2670 789 2719 noete
808 2667 843 2736 B,
867 2671 961 2721 noctes
984 2665 1097 2721 012-
1135 2669 1176 2719 47.
1207 2664 1374 2733 Par·s.'epat.

173 2755 224 2811 01)
243 2784 276 2795 -
295 2772 369 2810 nuno
388 2756 444 2810 ium
463 2756 580 2825 Spano:
600 2772 674 2808 nuno
690 2752 783 2807 BGD.
803 2783 834 2794 -

206 2948 249 2999 42.
286 2945 391 3010 horret,
412 2946 477 3000 Cist.
496 2946 530 3012 ΙΙ,
551 2948 574 3012 3,
594 2948 625 3012 9,
645 2944 754 3014 squalet,
786 2961 841 3013 rus,
860 2948 892 2996 ut
909 2943 962 2996 hoo
979 2943 1033 2995 iter
1050 2942 1143 2996 facere
1161 2942 1258 3011 possis.
1296 2943 1375 2998 Cete-

171 3033 245 3086 Pers.
264 3031 310 3098 IV,
329 3035 353 3099 8,
373 3034 397 3084 2.
417 3063 450 3074 -
482 3031 579 3095 scitne,
602 3034 711 3100 elegans
731 3036 758 3085 et
786 3050 848 3085 rum
867 3035 957 3085 totum
975 3030 1049 3084 hune
1067 3048 1178 3084 uersum
1195 3030 1279 3083 militi
1297 3030 1374 3101 dedi,

171 3121 299 3189 pulcher,
330 3118 412 3172 Most.
431 3118 452 3187 Ι,
472 3122 497 3188 3,
517 3121 582 3172 104:
613 3117 704 3171 acita’s
730 3124 758 3171 tu
787 3135 850 3173 oum
867 3119 939 3171 malo
952 3117 1071 3187 dispesci
1085 3119 1183 3172 soleat:
1204 3116 1293 3171 Strob.
1306 3117 1372 3171 Ma-

171 3208 290 3276 quidem,-
310 3207 387 3259 Asin.
405 3206 451 3274 IV,
472 3209 495 3273 1,
515 3207 562 3258 57:
581 3204 678 3258 auitum
696 3223 757 3275 ayn·
785 3224 837 3275 prro
856 3224 933 3274 opera
951 3223 1030 3257 terrra
1049 3205 1100 3257 nti
1117 3205 1255 3260 uiaticum.

172 3294 320 3363 propitum:
357 3293 442 3346 Mero.
462 3293 508 3360 IV,
533 3295 557 3362 4,
584 3297 631 3348 17;
662 3293 757 3346 auitam
822 3296 864 3346 46.
900 3293 944 3346 Sio
956 3310 1087 3361 personas
1100 3293 1238 3347 distribui.
1269 3292 1301 3345 In
1315 3292 1373 3345 edi-

172 3381 259 3434 tarole
276 3379 458 3445 concubinam,
479 3380 514 3433 al.
786 3381 907 3434 tionibus
926 3380 1070 3434 Strabonis
1090 3386 1119 3434 et
1142 3381 1237 3435 militis
1263 3384 1306 3433 est
1328 3379 1374 3434 hio

179 3455 190 3474 ⁹
206 3473 248 3525 43.
285 3467 386 3533 decline,
407 3487 498 3522 noune
517 3466 602 3523 dedi?
621 3467 656 3522 ci.
674 3467 710 3520 ad
724 3467 756 3534 V,
785 3470 889 3522 uersus.
924 3469 1124 3538 Stratophanes
1141 3472 1287 3537 postquam
1299 3467 1375 3520 Stra·

174 3562 196 3611 1.
219 3587 250 3597 -
269 3557 533 3625 Iuterpungebatur:
553 3553 647 3608 Mili?
660 3552 758 3606 dedisti
785 3557 881 3611 bacam
904 3557 997 3610 uerbis
1027 3558 1165 3610 deterrere
1190 3559 1304 3610 conatus
1331 3559 1374 3608 est

163 3643 229 3715 filio
251 3643 364 3698 cibario.
785 3645 822 3713 (u.
836 3645 892 3712 45),
918 3644 1098 3697 Phronesium
1116 3643 1281 3712 interrogat,
1305 3659 1373 3694 num

207 3735 250 3784 44.
286 3731 442 3786 Goellerus:
462 3729 531 3782 Isana
552 3746 606 3781 esse
626 3732 720 3780 terum.
786 3730 852 3798 quid
869 3731 917 3783 isti
935 3731 1039 3784 homini
1052 3731 1160 3799 debeat,
1180 3733 1228 3799 qui
1241 3748 1274 3783 ox
1287 3730 1373 3798 ipsius

208 3821 250 3874 45.
286 3819 387 3870 molam
423 3818 663 3885 monosyllabum,
704 3815 758 3868 nisi
786 3819 868 3872 domo
887 3837 1012 3887 egressus
1036 3823 1095 3870 tam
1113 3818 1283 3871 confidenter
1300 3834 1373 3870 amo·

170 3905 243 3960 forte
268 3909 405 3974 praestat:
437 3906 544 3958 Mittam
565 3904 593 3956 r'n
615 3921 672 3956 rem
692 3902 714 3955 ie
733 3907 758 3955 et
786 3923 830 3960 res
848 3908 977 3974 postulat.
1007 3905 1046 3959 Et
1062 3907 1211 3973 respondet
1229 3905 1285 3971 illa,
1305 3922 1372 3958 sane

172 3993 314 4062 rrrapndm,
339 3993 385 4046 uel
407 3992 441 4045 In
460 3993 561 4045 maliem
580 3991 603 4044 ia
621 4008 756 4060 moenum.
785 4010 814 4046 se
839 3993 864 4046 ei
889 4011 1010 4048 amorem
1033 3992 1134 4046 dobere
1165 3995 1193 4045 et
1219 3992 1373 4059 pollicitam

171 4080 286 4133 Seruato
311 4084 335 4131 et
358 4080 387 4133 in
405 4085 535 4149 promptu
555 4085 609 4132 est:
644 4081 682 4132 In
700 4097 756 4131 rna·
786 4097 853 4134 esse.

173 4167 226 4219 lam
247 4183 303 4217 rem
322 4165 334 4216 i
351 4171 376 4218 et
394 4185 482 4236 raupa.
501 4185 585 4221 m.-
604 4167 664 4221 Hoc
682 4168 755 4220 uult:
821 4171 864 4221 47.
899 4168 973 4220 llaec
991 4183 1083 4219 secum
1101 4165 1189 4218 miles.
1225 4165 1286 4219 Non
1306 4167 1372 4232 stul-

170 4253 300 4322 Prospice
312 4253 443 4309 uiaticum
461 4257 489 4308 in
508 4255 609 4307 malam
627 4271 685 4308 rem
702 4255 756 4309 itu·
784 4259 827 4322 ta,
854 4256 956 4324 inquit,
976 4254 1157 4308 Phronesium
1175 4258 1230 4322 est,
1255 4254 1303 4306 sed
1321 4269 1372 4320 par
